1903 3076
109 210 205 256 260
926 201 1166 246 “JUSTINI

920 321 1124 364 CAPUT
1154 319 1193 362 Ι.

115 466 280 499 „mmm
436 439 476 481 Ε
499 438 534 481 C
557 436 598 481 U
615 438 650 481 P
670 438 710 480 E
731 438 774 479 R
795 439 840 479 A
862 437 903 479 T
923 439 962 478 O
1015 445 1182 491 paterno
1229 428 1355 492 reguo
1405 443 1420 463 ¹
1438 435 1694 486 Demetrius,
1747 442 1787 489 et

113 510 216 541 bellum
231 513 305 553 infe·
466 497 554 551 ipse
592 513 729 538 rerum
764 511 953 538 successu
983 503 1212 548 corruptus,
1251 495 1361 537 vitiis
1397 495 1680 537 adolescentiae
1717 495 1790 535 'iu

114 555 216 628 ἕξων
226 556 316 595 gerit.
330 556 546 611 segnitiem
565 556 717 597 labitur
736 573 747 604 ς
779 563 796 581 ³
813 554 1057 608 tantumque
1080 563 1362 607 contemptum
1401 557 1508 607 apud
1543 568 1684 594 omnes
1722 551 1788 601 in..

110 597 307 682 prri'sssszffffb
329 613 458 666 ertiae,
487 624 688 670 quantum
718 614 860 654 odium
881 628 933 653 ex
955 611 1146 665 superbia
1182 622 1294 665 pater
1329 613 1540 663 habuerat,
1572 610 1790 652 contraxit.

116 682 320 724 Antiocho‘qui
332 673 479 728 Itaque
510 673 608 713 cum
649 674 701 713 ab
739 670 914 725 imperio
959 670 1047 724 ejus
1098 670 1251 724 passim
1305 670 1520 712 ³civitates
1562 671 1793 719 deficerent,

116 727 292 800 {uffaeffi‘u'
332 733 383 773 ad
420 731 668 773 abolendam
718 729 900 785 segnitiae
946 730 1167 779 maculam,
1215 729 1404 769 ⁴bellum
1443 729 1601 779 Parthis
1639 721 1792 768 inferre

116 775 499 843 AEffi3914statuit3
555 789 672 842 cujus
726 791 947 829 adventum
990 803 1073 828 non
1118 786 1236 827 inviti
1286 786 1492 828 ⁵Orientis
1542 788 1686 839 populi
1725 784 1792 825 vi-

117 853 171 885 01.
189 857 306 885 161·1-
331 848 457 897 dere;
504 855 546 888 et
585 855 749 900 propter
782 845 1025 887 ⁶Arsaeidae
1065 845 1174 900 regis
1211 845 1451 886 Parthorum
1494 844 1793 893 crudelitatem,

117 896 370 975 Χὲξὲὶὸὲζεῑ
399 908 511 961 quod
541 905 671 946 veteri
702 905 983 951 Macedonum
1015 903 1192 958 imperio
1226 902 1389 954 assueti,
1419 903 1515 943 novi
1548 902 1693 956 populi
1723 916 1794 944 su-

190 962 198 973 ‘
232 963 239 974 '
307 963 519 1018 'perbiam
563 962 730 1019 indigne
771 964 971 1003 ferebant.
1053 962 1199 1017 Itaque
1245 961 1351 1000 csim'
1387 971 1430 1001 et
1474 962 1706 1010 Persarum,
1755 966 1796 999 et

329 1024 668 1078 ⁷Elymaeorum,
709 1021 1106 1076 Bactrianorumque
1145 1018 1310 1060 auxiliis
1355 1019 1581 1073 juvaretur,
1621 1016 1795 1058 8multis

330 1081 486 1136 praeliis
507 1081 679 1121 Parthos
698 1080 820 1121 fudit.
871 1081 942 1119 Ad
964 1091 1214 1132 postremum
1238 1088 1372 1118 tamen
1394 1077 1506 1130 pacis
1531 1076 1796 1122 simulatione

332 1142 528 1192 deceptus
573 1138 748 1192 capitur,
792 1140 1121 1192 btraductusque
1160 1151 1233 1190 per
1270 1150 1343 1176 ora
1381 1135 1611 1184 civitatum,
1662 1148 1797 1188 popu-

331 1197 404 1249 lis,
435 1198 507 1255 qui
543 1197 815 1250 desciverant,
853 1196 897 1237 in
926 1195 1153 1237 ludibrium
1192 1193 1347 1236 favoris
1377 1193 1622 1235 ostenditur.
1684 1191 1796 1234 Mis-

876 1309 1260 1342 INTERPRETATIO.

378 1403 396 1426 a
419 1404 464 1436 Et
494 1411 554 1436 tam
576 1409 744 1446 contemptus
765 1404 835 1445 suit
865 1403 987 1434 omnibus
1015 1403 1046 1434 ob
1130 1402 1148 1429 b
1165 1403 1208 1432 Et
1216 1408 1273 1443 per
1287 1414 1375 1434 omnes
1387 1402 1518 1434 civitates
1540 1403 1665 1433 deductus
1681 1401 1802 1432 ostendi-

333 1449 478 1485 inertiam,
497 1448 580 1490 quzim
605 1450 709 1478 odiosus
721 1449 830 1489 fuerat
844 1446 989 1478 omnibus
1012 1446 1048 1477 il·
1088 1453 1138 1476 tur
1148 1447 1337 1488 populis,'qui
1351 1446 1369 1477 a
1386 1446 1509 1477 Parthis
1527 1445 1566 1476 ab
1580 1445 1682 1486 ipsum
1697 1447 1727 1475 de
1741 1457 1801 1476 ece-

334 1490 395 1524 lius
404 1499 492 1535 pater
506 1492 538 1523 ob
551 1492 720 1534 superbiam.
1090 1496 1158 1521 rant
1171 1502 1180 1521 ,·
1205 1497 1235 1521 ut
1249 1502 1291 1520 eos
1302 1491 1449 1532 paeniteret
1452 1491 1573 1532 favisse
1587 1490 1743 1521 Demetrio,

975 1588 1160 1620 NOTAE.

379 1659 409 1688 1.
432 1654 616 1698 Demetrius]
673 1653 805 1687 Nicator
834 1652 986 1685 secundus
1013 1654 1048 1683 ab
1131 1657 1163 1683 5.
1182 1652 1307 1683 Orientis
1317 1651 1441 1694 populi]
1484 1651 1556 1683 Jam
1572 1651 1626 1682 diu
1649 1651 1754 1683 Graeci
1769 1657 1804 1683 et

337 1701 476 1742 Appiano
502 1706 528 1731 et
554 1699 701 1739 Joseplzo:
742 1697 881 1729 Nicanor
918 1697 954 1727 ab
982 1698 1049 1726 aliis
1091 1696 1294 1730 Macedones.
1309 1696 1363 1737 qui
1378 1695 1414 1726 iis
1436 1696 1466 1725 in
1486 1694 1665 1736 regionibus
1689 1694 1802 1725 substi-

335 1750 541 1783 nuncupatus‚
557 1741 643 1782 quod
657 1747 822 1783 paternum
843 1750 977 1781 regnum
992 1738 1049 1770 sibi
1090 1745 1204 1775 terant,
1225 1737 1342 1768 crebris
1356 1749 1429 1769 cum
1445 1737 1652 1778 legationibus
1667 1738 1800 1768 solicita-

335 1785 431 1817 armis
445 1782 639 1815 vindicasset.
1090 1780 1178 1821 bant,
1202 1780 1407 1820 deditionem,
1432 1782 1456 1812 si
1485 1780 1620 1820 veniret,
1651 1780 1803 1822 pollicen-

380 1832 412 1859 2.
431 1829 469 1858 In
491 1830 633 1869 segnitiem
656 1825 794 1868 lubitum]
847 1826 920 1857 Hoc
943 1824 1065 1864 Florus*
1091 1831 1145 1855 tes.

336 1869 517 1901 crudelitati
547 1869 668 1905 tribuit,
710 1868 864 1910 Josephus
900 1868 1051 1906 avaritiae,
1133 1872 1165 1898 6.
1180 1867 1345 1908 Armenia]
1375 1868 1447 1898 Non
1463 1866 1536 1897 huic
1551 1865 1634 1908 Regi
1647 1865 1803 1907 peculiare

335 1912 424 1953 quod
439 1923 515 1954 pace
525 1911 875 1954 compositaexercitum
890 1910 1054 1949 dimiserit,
1091 1920 1216 1944 nomen,
1243 1911 1298 1941 sed
1327 1920 1494 1941 commune
1527 1909 1689 1940 omnibus:
1730 1919 1805 1940 eum

337 1955 472 1997 solisque
496 1955 619 1992 exteris,
639 1965 718 1996 quos
742 1964 849 1986 secum
871 1954 1054 1991 adduxerat,
1072 1972 1075 1979 ι
1093 1952 1198 1995 postea
1214 1953 1406 1994 Priapatium
1422 1953 1438 1983 J
1443 1952 1560 1983 ustinus
1579 1950 1726 1993 appellat,
1739 1955 1807 1982 Ar.

338 1998 517 2030 mercedem
533 1997 678 2030 solveret.
1093 2006 1193 2026 sacem
1208 1996 1338 2037 tertium
1350 1995 1496 2032 Orosius3
1516 1994 1567 2025 alii
1584 1994 1805 2026 Mithridatem

381 2045 413 2072 3.
430 2041 571 2072 Civitates
585 2039 757 2083 dgficerent]
792 2040 970 2071 Praesertim
985 2042 1054 2071 An·
1073 2060 1076 2084 1
1094 2040 1218 2080 Regem
1233 2040 1341 2070 ordine
1355 2046 1476 2070 sextum
1491 2038 1510 2068 a
1524 2039 1627 2080 primo
1641 2040 1769 2069 Arsace.

337 2083 467 2120 tiochia,
491 2084 580 2125 cujus
599 2083 796 2121 seditionem,
815 2083 936 2125 ingenti
958 2090 990 2114 et
1013 2082 1054 2113 ci·
1073 2085 1077 2131 t
1136 2086 1167 2114 7.
1185 2081 1400 2124 Elymaeorum]
1444 2081 1507 2122 Qui
1528 2089 1650 2122 partem
1670 2079 1805 2112 Persidis

339 2126 431 2158 vium
445 2125 543 2163 clade,
569 2133 601 2158 et
617 2134 775 2157 tectorum
797 2126 951 2162 incendio,
974 2126 1057 2157 ultus
1095 2124 1126 2156 in
1168 2126 1302 2156 Susianae
1328 2124 1464 2166 regionis
1493 2123 1629 2155 confinio
1657 2122 1808 2154 incolunt.

339 2176 388 2200 est
400 2169 519 2200 virtute
536 2170 820 2211 Judaeorum‚quos
835 2169 985 2200 Jonathas
999 2169 1057 2212 ipsi
1074 2181 1078 2235 ι
1099 2168 1169 2199 Fuit
1191 2170 1287 2198 etiam
1315 2168 1428 2210 Elyma
1451 2167 1526 2199 urbs
1553 2166 1679 2207 Siciliae,
1706 2175 1807 2208 prope

340 2212 457 2244 auxilio
472 2213 608 2244 miserat.
1096 2213 1298 2243 Panormum.
1497 2215 1503 2221 “

383 2260 414 2287 4.
429 2257 543 2286 Bellum
557 2255 714 2306 Parthie]
734 2255 821 2287 ³Non
835 2254 879 2286 ita
894 2266 925 2286 se
939 2266 988 2286 res
1001 2254 1056 2286 ha·
1074 2237 1078 2298 i
1139 2258 1167 2284 8.
1186 2256 1299 2284 Multis
1311 2255 1422 2296 praeliis
1436 2253 1566 2285 Parthos
1569 2252 1679 2295 fudit]
1703 2252 1808 2283 Docet

340 2297 423 2334 buit,
441 2299 514 2329 cum
537 2298 687 2329 alienatos
699 2309 718 2329 a
732 2299 896 2329 Demetrio
918 2298 1055 2329 militum
1097 2297 1256 2339 Scriptura
1269 2296 1388 2328 bellum
1408 2296 1446 2327 ab
1461 2307 1499 2328 eo
1522 2295 1648 2328 Parthis
1660 2304 1723 2326 non
1738 2293 1806 2326 illa-

339 2340 463 2371 animos
476 2341 633 2382 Tryphon
648 2348 797 2375 cerneret,
823 2351 854 2371 se
869 2341 1001 2372 contulit
1017 2341 1057 2371 ad
1097 2342 1239 2378 tum,sed
1248 2340 1265 2370 a
1275 2340 1412 2381 quodam
1421 2339 1547 2370 Arsacis
1557 2339 1635 2370 duce
1644 2346 1676 2368 et
1686 2338 1807 2369 victum

340 2382 486 2415 Arabem
509 2383 678 2414 Malchum
700 2383 764 2414 sive
790 2383 988 2423 Emzdchuel,
1007 2384 1057 2414 cui
1096 2393 1160 2413 esse
1185 2391 1217 2413 et
1242 2391 1380 2424 captum,
1406 2382 1483 2412 dum
1505 2381 1677 2413 exercitum
1699 2388 1810 2412 contra

340 2425 523 2457 Antiochus
554 2425 727 2457 Alexandri
766 2424 848 2457 filius
878 2427 1058 2457 commissus
1095 2425 1304 2467 Tryphonem
1321 2426 1352 2455 in
1369 2424 1481 2455 Medis
1497 2423 1694 2456 contraheret
1706 2436 1715 2454 z
1738 2423 1806 2454 bei-

341 2466 458 2507 fuerat,
478 2478 575 2509 quem
594 2468 703 2499 multis
723 2468 867 2509 precibus
881 2469 1056 2504 obtentum,
1097 2467 1161 2498 lum
1178 2477 1283 2499 tamen
1300 2468 1401 2499 Persis
1415 2467 1539 2505 indixit,
1552 2466 1576 2498 si
1589 2466 1724 2508 losepho
1740 2476 1806 2497 cre-

341 2511 430 2542 victo
444 2511 484 2541 ad
500 2510 727 2542 Ptolemaidem
751 2511 917 2542 Demetrio
938 2512 969 2541 in
985 2521 1057 2552 reg·
1097 2511 1210 2550 dimus,
1232 2510 1305 2541 cum
1324 2510 1532 2551 Tryphonem
1558 2508 1647 2550 Syria
1669 2515 1807 2550 speraret

341 2562 421 2584 num
436 2554 582 2586 restituit.
626 2553 739 2584 Victus
752 2554 934 2585 Demetrius
955 2554 986 2583 in
1003 2554 1056 2585 Ci-
1097 2563 1128 2584 se
1144 2553 1317 2594 ejecturum
1332 2552 1432 2592 facile,
1450 2553 1473 2583 si
1488 2561 1536 2582 res
1550 2551 1581 2582 in
1599 2551 1730 2583 Parthos
1742 2562 1807 2582 ces-

342 2594 446 2628 liciam
463 2596 613 2637 primfim,
633 2603 703 2627 tum
720 2603 864 2637 superato
887 2596 1059 2637 Euphrate,
1097 2597 1205 2626 sissent
1220 2595 1388 2636 prospere;
1410 2594 1484 2636 quin
1495 2594 1590 2625 etiam
1613 2594 1676 2625 duo
1698 2593 1807 2636 praelia

343 2637 613 2680 Mesopotamiam
626 2645 657 2669 et
669 2638 872 2678 Babyloniam
887 2638 983 2680 sugit:
1000 2649 1058 2669 un·
1098 2648 1170 2668 cum
1186 2637 1319 2674 Parthis,
1334 2646 1370 2668 ut
1384 2638 1485 2679 placet
1500 2637 1625 2676 Orosio,
1640 2637 1811 2680 commisit·v

343 2680 385 2710 de
402 2680 521 2722 aliquot
534 2691 629 2712 annos
644 2687 714 2722 post
727 2680 846 2711 bellum
862 2681 967 2715 intulit
983 2683 1058 2714 Par·
1098 2691 1232 2724 quorum
1247 2680 1279 2712 in
1293 2679 1393 2712 altero
1407 2687 1512 2722 captus
1525 2686 1574 2712 est
1586 2679 1626 2711 ab
1639 2682 1769 2712 Arsace.

343 2721 472 2756 thorum
484 2725 576 2767 Regi.
611 2724 684 2757 Haec
699 2724 848 2766 Josephus.
1076 2707 1082 2756 i

1315 2771 1340 2811 5
