1903 3076
622 187 734 228 LIB.
762 185 932 227 XLIII.
965 185 1096 228 CAP.
1125 186 1163 227 Ι.

167 271 334 322 ’Fatua,
363 284 457 327 quse
487 270 646 311 assidue
681 269 822 310 divino
855 268 1002 322 spiritu
1031 269 1216 322 impleta,
1249 272 1362 311 velut
1379 286 1455 326 per
1484 273 1599 313 furo-

161 344 264 382 rem,
290 331 434 375 ‘futura
463 328 745 382 praecinebat:
790 329 897 367 unde
932 329 1079 378 adhuc,
1112 327 1185 383 qui
1225 328 1414 394 inspirari
1446 331 1600 382 solent,

149 388 320 444 jbtuari
336 384 539 428 dicuntur.
598 387 667 426 Ex
686 385 769 425 filia
790 385 916 426 Fauni
936 395 976 426 et
995 386 1191 435 Hercule,
1221 385 1293 442 qui
1324 387 1467 429 eodem
1496 401 1600 429 tem-

166 462 264 501 pore
284 444 460 486 meto
481 444 705 500 Geryone,
734 453 913 484 armenta
933 441 1114 484 viotor-iae
1130 443 1304 497 praemia
1328 460 1405 498 per
1438 446 1603 486 Italiam

162 505 355 555 ducebat,
375 511 521 556 stupro
542 512 757 556 conceptus
784 502 987 542 ‘La-tinus
1015 512 1259 554 procreatur.
1320 504 1415 558 Quo
1443 512 1601 546 tenente

1727 195 1810 234 315

162 575 350 618 regnum,
388 563 577 602 ³AEoeas
615 561 666 601 ab
707 559 802 610 Ilio,
838 558 1001 613 *Troja
1041 559 1066 598 ὲ
1109 562 1124 587 ⁵
1153 557 1316 601 Graecis
1353 563 1811 626 expugnata‚A.M.,es71

162 620 209 652 ⁶
198 635 241 661 m
278 618 443 663 'Italiam
471 619 608 660 venit:

162 691 229 718 em
244 677 473 719 exercitum
492 677 710 725 eduxisset,
742 678 792 716 ad
809 674 1061 731 colloquium
1079 685 1258 726 vocatus,
1288 685 1440 718 tantam
1470 679 1601 718 admi-

161 735 358 777 rationem
389 735 451 776 sui
483 735 627 775 Latino
659 733 835 788 praebuit
869 743 914 774 ut
943 743 982 774 et
1010 734 1054 774 in
1082 733 1318 775 societatem
1351 735 1466 791 regni
1498 738 1601 776 reci-

160 801 337 847 potetur,
378 803 440 845 et,
485 792 661 834 :Lavinia
709 791 752 832 in
791 791 1101 832 matrimonium
1139 791 1178 833 ei
1229 793 1336 843 data,
1366 808 1489 848 gener
1536 809 1599 835 as-

160 851 391 893 cisceretur.
465 859 481 877 ²
501 851 598 892 Post
635 853 721 891 haec
759 863 975 890 commune
1008 850 1170 906 utrique
1209 852 1368 892 bellu-m
1405 854 1598 894 adversus

689 975 1074 1008 INTERPRETATxo.

204 1052 220 1074 ²
246 1054 320 1090 Base
332 1055 388 1086 ὅσα
402 1055 526 1085 Latinus
535 1061 567 1085 et
582 1054 695 1084 AEneas
709 1054 807 1085 bellum
822 1055 862 1084 αι’-

157 1098 331 1140 ungerunt
350 1105 447 1129 contra
472 1098 598 1129 Turnum
623 1099 726 1140 Regem
741 1098 861 1128 Rutulo-

897 1067 969 1090 rum.
997 1059 1118 1105 propter
1137 1059 1254 1102 negatas
1279 1054 1377 1086 Turno
1407 1058 1520 1097 nupli‘as
1541 1069 1600 1088 cum

898 1096 1041 1134 Lavi'aiid,
1053 1107 1122 1138 quae
1136 1095 1194 1140 ipsi
1207 1098 1364 1139 promissa:
1379 1096 1511 1130 fuemnt.

801 1209 872 1239 No
888 1209 973 1240 TAE.

161 1284 200 1316 ab
216 1295 274 1316 avo
290 1284 456 1316 Numitore
466 1283 591 1314 urbisin
606 1291 713 1314 monte
722 1283 864 1315 Palatino

160 1327 330 1358 condendae
345 1334 540 1368 potestatem.
584 1326 716 1358 Ovidius
729 1327 805 1357 vero
815 1337 863 1357 re-

161 1369 222 1400 fert
238 1369 256 1400 i
271 1369 420 1400 Romanis
441 1369 511 1400 ideo
527 1368 679 1400 celebrata
692 1368 733 1400 ob
748 1368 865 1400 benefi-

161 1413 244 1443 cium
259 1412 277 1443 a
292 1411 382 1453 Lupa
392 1412 546 1442 *Romanis
565 1412 737 1453 praestitum
749 1412 780 1442 in
789 1412 863 1442 edu-

162 1455 266 1485 candis
277 1453 444 1485 infantibus
455 1453 592 1485 Romulo
602 1463 632 1485 et
643 1456 754 1485 Remo:
766 1455 864 1485 Tem-

159 1497 312 1539 plumque
328 1497 366 1527 ad
390 1498 495 1528 Ficum
511 1497 695 1529 ruminalem
709 1496 748 1528 ab
762 1497 799 1527 iis
813 1508 863 1528 ex-

159 1548 297 1572 tructum
308 1548 449 1576 testatur,
459 1539 544 1580 quod
557 1539 707 1590 Lupercal
719 1547 865 1570 vocatum

161 1591 217 1614 est.
239 1581 304 1614 Alii
318 1591 434 1614 tamen
429 1581 651 1632 Lupercalia
637 1593 655 1614 a
670 1582 750 1623 lupis
761 1592 864 1614 arcen-

162 1624 210 1656 dis
234 1625 315 1657 dicta
338 1622 528 1660 maluerunt,
549 1624 635 1666 quod
656 1624 841 1656 celebrato·
833 1636 863 1655 ιιι

162 1667 482 1709 Panishonorem‚qui
493 1669 621 1708 Lycazus
632 1667 731 1699 dictus
740 1676 794 1704 est,
806 1668 864 1699 hoc

162 1709 323 1746 sacrificio,
341 1721 360 1741 a
375 1710 537 1760 pecoribus
551 1718 582 1741 et
597 1709 724 1741 stabulis
738 1709 802 1752 lupi
818 1721 861 1740 ar-

164 1760 319 1784 ceremur.
363 1754 390 1783 1.
393 1754 497 1794 uperci
519 1751 721 1803 immolabant
746 1763 864 1789 canem,

161 1795 214 1826 vel
236 1796 267 1826 in
283 1795 415 1837 gratiam
433 1795 526 1836 lupae,
545 1806 563 1826 a
578 1806 639 1837 qua
652 1795 787 1826 nutritus
802 1797 864 1826 Ro-

160 1838 277 1875 mulus,
297 1837 348 1869 vel
370 1849 401 1868 ιιι
419 1837 516 1869 >Panis
536 1837 700 1877 honorem,
721 1838 769 1870 cui
785 1839 866 1870 canis

163 1889 292 1922 propter
305 1891 418 1922 greges
437 1881 552 1911 amicus
572 1888 660 1912 esset.
707 1882 737 1912 Si
761 1888 864 1912 tamen

162 1925 271 1954 Servio
281 1924 587 1963 credimuslmperca
599 1924 742 1965 spelunca
753 1932 798 1955 est
810 1925 864 1955 sub

162 1974 272 1998 monte
289 1966 485 2005 Palatino‚,in
499 1965 560 2006 qua
576 1977 670 2007 capro
685 1966 839 1997 litabatur.

208 2008 469 2050 10.Dacurr1'tur]
512 2010 590 2039 Mos
605 2017 670 2040 erat
681 2017 716 2040 ut
732 2011 865 2050 Luperci

162 2063 231 2084 tem
246 2051 383 2082 divinam
398 2052 474 2082 nudi
495 2058 633 2091 agerent,
659 2059 691 2082 et
713 2063 769 2093 per
785 2052 868 2083 vicos

166 2094 251 2126 urbis
266 2094 455 2131 cursitantes,
456 2094 624 2143 pellibus'
617 2105 648 2124 ιιι
663 2096 791 2125 scuticas
806 2095 866 2125 dis-

163 2137 265 2174 sectis,
287 2136 393 2167 obvias
408 2136 543 2178 quasque
565 2137 710 2167 mulieres
724 2137 866 2168 verbera-

161 2187 246 2216 rent,
266 2179 386 2227 palmas
400 2181 565 2220 uterosque
587 2179 740 2216 ferientes,
762 2188 798 2212 ut
812 2180 865 2211 foe-

165 2223 275 2255 cunda:
291 2221 390 2263 magis
403 2221 615 2253 redderentur.

210 2264 368 2307 1.l‹'.:atu.]
389 2264 448 2295 Sed
460 2265 550 2300 dicta,
562 2265 647 2306 quod
659 2264 738 2296 sicut
749 2266 870 2297 Faunus

163 2307 249 2343 viris,
265 2308 307 2338 ita
323 2307 387 2347 ipsa
403 2307 584 2338 mulieribus
595 2307 658 2338 fata
670 2315 801 2339 caneret.
824 2308 868 2339 Ea

163 2350 314 2399 pudicitia
328 2349 418 2380 fuisse
433 2350 541 2388 fertur,
553 2359 587 2380 ut
602 2350 722 2381 nullum
724 2361 868 2399 unquam

166 2393 282 2430 virum,
295 2400 410 2434 praeter
425 2393 583 2430 maritum,
597 2393 763 2442 aspexerit:
788 2394 868 2424 unde

164 2436 277 2466 Romae
291 2435 381 2466 sacris
391 2434 481 2467 bonae
496 2436 572 2466 Deae
584 2437 638 2476 (eo
653 2436 734 2466 enim
745 2437 870 2467 nomine

168 2478 279 2509 Romae
290 2476 463 2518 colebatur)
479 2478 582 2509 adesse
598 2478 674 2508 viris
683 2478 831 2510 vetitum.

209 2523 238 2552 2.
252 2522 384 2552 Latinus.
390 2519 402 2562 ]
417 2520 512 2551 fauni
525 2528 556 2551 et
569 2521 698 2552 Maricae
713 2522 870 2563 Nympha:

898 1283 984 1324 lyssis
998 1291 1029 1314 et
1053 1284 1167 1316 Circes.
1208 1286 1278 1316 Rex
1302 1286 1452 1317 Laurenti
1474 1286 1543 1324 fuit,
1568 1295 1601 1319 et

897 1327 1037 1357 Laviniae
1053 1338 1090 1357 ex
1107 1327 1222 1360 Amata
1237 1336 1334 1368 pater.

939 1373 967 1399 3
981 1369 1120 1417 Εἶναι]
1147 1370 1293 1401 Anchisae
1312 1378 1342 1401 et
1359 1371 1488 1402 Veneris
1509 1371 1601 1411 filius,

898 1411 1024 1454 Virgilii
1043 1413 1180 1443 versibus
1194 1413 1379 1444 nobilitatus.

939 1459 970 1484 4.
995 1455 1107 1502 Trqu]
1141 1458 1174 1486 A
1191 1457 1306 1486 Graecis
1321 1467 1454 1498 expugna
1447 1455 1508 1493 itz'i,
1528 1457 1599 1488 cum

898 1497 928 1528 in
936 1498 1022 1537 Phry
1025 1509 1073 1533 gia
1077 1509 1107 1528 ιιι
1119 1498 1238 1538 appulis
1240 1507 1283 1528 set
1294 1499 1455 1529 Dardanus
1466 1500 1551 1531 Jovis
1562 1511 1599 1531 ex

898 1539 1021 1570 Electra
1032 1539 1124 1578 iilius,
1139 1542 1268 1570 Bateam
1283 1542 1314 1571 Ί
1317 1542 1398 1572 eucri
1415 1541 1510 1573 filiam
1523 1553 1600 1574 uxo-

897 1593 963 1613 rem
980 1582 1079 1622 duxit,
1105 1564 1278 1624 urbemque
1300 1583 1356 1614 sibi
1381 1585 1600 1625 cognominem

899 1625 1053 1656 condidit:
1082 1625 1126 1656 illi
1143 1626 1338 1657 Ericthonius
1352 1626 1433 1657 filius
1446 1629 1600 1664 successit,

899 1676 986 1709 pater
1006 1669 1108 1703 Tro'is,
1125 1679 1162 1699 ex
1185 1677 1246 1710 quo
1271 1676 1360 1699 natus
1383 1676 1428 1700 est
1452 1669 1512 1701 llus
1515 1671 1598 1712 ‚qui

897 1710 1005 1751 genuit
1020 1711 1278 1759 Laomedontem,
1296 1712 1411 1742 Priami
1424 1722 1594 1761 parentem.

899 1755 979 1783 rlaec
1004 1754 1112 1784 civitas
1131 1765 1149 1784 a
1172 1754 1246 1783 varii
1251 1765 1263 1783 s
1284 1754 1424 1796 Regibus
1446 1756 1529 1786 varia
1543 1766 1599 1786 no-

900 1795 971 1825 min
966 1808 981 1824 ι
997 1797 1104 1827 sortita
1127 1804 1192 1826 est.
1219 1796 1301 1827 dicta
1320 1808 1403 1827 emm
1419 1808 1436 1827 a
1451 1799 1600 1829 Dardano

898 1839 1066 1875 Dardania,
1084 1839 1209 1880 Troja
1195 1850 1213 1870 a
1229 1840 1325 1876 Tr,0e
1340 1847 1371 1870 et
1384 1839 1423 1870 ab
1439 1840 1484 1872 llo
1500 1840 1601 1873 Ilium.

940 1885 970 1912 5.
980 1883 1011 1911 A
1029 1883 1124 1912 Graec'*
1114 1895 1137 1912 ..ι
1149 1882 1336 1924 expugnata]
1363 1884 1483 1914 Decem
1503 1894 1600 1914 anno-

899 1934 967 1954 rum
985 1923 1104 1955 obsidio
1122 1924 1199 1955 fuit:
1225 1935 1292 1966 quae
1317 1935 1406 1956 causa
1425 1925 1511 1964 belli,
1531 1927 1600 1968 quis

900 1967 1008 2003 exitus,
1033 1967 1139 1998 docuit
1166 1967 1217 1998 vel
1246 1967 1352 1998 fabula
1375 1968 1428 1999 vel
1451 1970 1601 2000 Historia.

901 2009 985 2039 Urbs
1007 2009 1132 2040 taudem
1156 2019 1244 2051 capta
1266 2021 1347 2041 anno
1372 2019 1443 2042 ante
1465 2012 1601 2052 primam

901 2052 1121 2093 Olympiadem
1144 2057 1216 2090 408,
1239 2053 1415 2095 proditione
1429 2055 1602 2085 Antenoris

900 2103 930 2125 et
947 2095 1094 2132 AEneae‚
1082 2106 1100 2125 a
1115 2077 1226 2137 quibu's
1241 2095 1291 2126 vel
1303 2097 1376 2126 Scea
1390 2104 1480 2137 porta
1495 2104 1603 2139 aperta

901 2137 1029 2176 Graecis,
1045 2146 1078 2168 ut
1094 2138 1162 2168 vult
1178 2139 1293 2176 Dares3
1308 2138 1359 2169 vel
1373 2149 1469 2180 equus
1483 2138 1604 2181 ligneus

901 2180 1032 2211 refertus
1047 2180 1169 2211 milite
1161 2191 1192 2211 ιιι
1207 2180 1319 2212 urbem
1335 2181 1489 2213 inductus.

942 2228 970 2254 6.
986 2223 1022 2253 In
1038 2225 1156 2254 Italiam
1171 2225 1257 2255 venit.
1261 2222 1273 2265 ]
1294 2224 1348 2254 Ab
1363 2227 1605 2266 Agamemnone

902 2265 972 2296 data
989 2263 1076 2307 copia
1091 2266 1246 2296 Antenori
1261 2273 1293 2296 et
1308 2268 1430 2304 AEneae,
1447 2275 1482 2298 ut
1496 2269 1605 2310 Trojae.

903 2308 1046 2349 reliquias
1068 2308 1261 2340 incolerent·
1283 2319 1355 2340 cum
1370 2310 1447 2341 vero
1472 2311 1545 2352 Pol)
1543 2321 1610 2342 xe-

902 2361 973 2381 nam
989 2361 1046 2392 pro
1061 2351 1142 2381 felici
1154 2351 1256 2382 reditu
1269 2351 1473 2394 jugulandam
1493 2323 1607 2385 AEiieas

903 2393 986 2434 apud
1000 2404 1031 2424 se
1047 2393 1224 2430 occul-asset,
1238 2405 1310 2425 eum
1326 2395 1342 2425 ὲ
1358 2395 1498 2438 Phrygia
1512 2396 1609 2427 disce·

904 2437 993 2467 dere
980 2444 1072 2482 jussu
1085 2439 1317 2478 Agamemnon,
1329 2445 1362 2468 ut
1373 2437 1473 2480 placet
1487 2439 1607 2470 Dareti-

903 2479 1016 2520 Dictys
1030 2486 1133 2510 tamen
1157 2480 1312 2511 Cretensis
1328 2481 1463 2511 AEneam
1485 2481 1523 2512 ab
1539 2485 1609 2513 An-

908 2529 1027 2558 tenore,
1056 2522 1142 2563 quod
1169 2522 1285 2553 vicinos
1314 2522 1444 2565 populos
1470 2524 1502 2557 in
1533 2534 1608 2556 eum

166 2560 269 2594 filium
286 2562 360 2596 facit
373 2563 536 2606 Virgilius,
557 2563 716 2596 Hesiodus
731 2564 806 2597 veto
823 2566 870 2597 U·
907 2565 1087 2602 concitaret,
1104 2565 1265 2607 expulsum
1281 2574 1445 2598 memorat.

657 619 875 672 statimque
916 618 1025 668 bello
1062 626 1275 671 exceptus,
1313 633 1409 659 cum
1443 634 1486 660 ιιι
1519 635 1600 660 aei·
1614 621 1699 652 A--C
1719 625 1806 655 1181
