1903 3076
602 187 716 230 LIB.
739 186 945 230 XXVII.
977 187 1110 230 CAP.
1141 188 1177 231 I.

752 330 952 373 CAPUT
982 330 1019 372 Ι.

1732 206 1812 244 217

1617 387 1743 419 Seleucus
1766 400 1815 420 no.

1615 442 1730 461 vercam
1767 439 1792 462 et

396 470 502 510 filius
524 475 537 491 ²
553 472 746 510 Seleucus
765 470 1035 520 successisset,
1056 472 1241 510 hortante
1263 480 1388 510 matre
1410 472 1738 523 Laodicefflatrem
1768 479 1814 507 in·

160 413 297 527 ²N
338 411 543 453 ORTUO
584 409 717 466 Syriae
753 426 847 466 rege
878 411 1105 462 Antiocho,
1148 411 1245 452 cum
1275 410 1318 452 in
1347 413 1486 453 locum
1515 413 1601 468 ejus

158 543 252 584 quae
288 529 504 581 prohibere
542 529 751 577 debuerat,
781 528 963 582 auspicia
993 528 1106 583 regni
1139 528 1188 566 ³&
1210 528 1428 580 parricidio
1458 531 1597 583 coepit.

159 584 323 642 Quippe
362 586 598 636 Berenicen,
629 601 844 627 novercam
877 601 1009 636 suam,
1041 600 1220 626 sororem
1252 586 1461 628 Ptolemaei
1494 589 1601 643 regis

157 645 353 699 AEgypti,
371 660 464 684 cum
485 646 654 696 parvulo
679 645 798 684 fratre
820 659 872 687 ex
890 643 937 684 ea
959 652 1158 697 suscepto,
1175 644 1373 686 interficit.
1424 647 1518 700 Quo
1538 647 1599 686 fa..

153 701 290 742 cinere
327 712 570 756 perpetratO,
612 714 650 743 et
686 702 866 742 infamiae
905 703 1111 742 maculam
1145 702 1284 754 subiit,
1314 711 1354 744 et
1385 703 1598 746 Ptolemaei

156 760 268 802 bello
288 775 330 801 se
353 761 577 814 implicuit.
637 761 760 801 Porro
781 766 797 787 ⁴
811 761 1018 809 Berenice,
1039 759 1134 800 cum
1155 764 1201 800 acl
1224 776 1264 802 se
1278 761 1600 805 interficiendam

155 818 301 859 missos
322 819 541 870 didicisset,
571 822 586 846 ⁵
603 820 794 872 Daphnae
815 833 856 858 se
875 819 1051 858 claudit:
1086 820 1158 858 ubi
1181 819 1279 859 cum
1309 820 1486 861 obsideri
1507 836 1598 862 eam

156 891 252 916 cum
272 879 446 930 parvulo
459 877 542 917 filio
555 878 793 917 nunciatum
814 876 925 918 Asiae
939 875 1173 917 civitatibus
1188 887 1306 929 esset,
1323 879 1599 921 recordatione

154 943 349 988 paternae,
379 935 662 990 majorumque
684 935 772 988 ejus
791 933 1012 990 dignitatiS,
1044 949 1182 976 casum
1212 945 1294 976 tam
1314 936 1492 992 indignae
1511 938 1599 977 for-

153 1002 261 1032 tunae
278 993 514 1034 miserantes
534 995 687 1034 auxilia
707 994 744 1033 ei
766 1007 906 1033 omnes
922 992 1084 1033 misere.
1125 993 1262 1035 Frater
1280 1010 1443 1050 quoque
1462 996 1597 1037 Ptole-

153 1066 283 1092 maeus
302 1052 484 1105 periculo
514 1067 660 1093 sororis
690 1050 919 1101 exterritus,
949 1051 1091 1093 relicto
1111 1067 1251 1107 regno,
1282 1069 1376 1094 cum
1406 1054 1598 1095 omnibus

150 1108 312 1150 viribus
333 1111 510 1151 advolat.
570 1111 647 1151 Sed
666 1109 859 1151 Berenice
873 1118 961 1150 ante
979 1111 1198 1151 adventum
1214 1111 1481 1163 auxiliorum,
1500 1112 1599 1154 cum

152 1166 196 1207 vi
211 1169 438 1222 expugnari
455 1184 531 1210 non
549 1180 700 1222 posset,
716 1169 810 1208 dolo
832 1167 1111 1210 circumventa
1125 1169 1360 1211 trucidatur.
1422 1169 1598 1226 Indigna

151 1239 215 1266 res
234 1227 425 1266 omnibus
448 1226 549 1267 visa.
611 1226 770 1281 Itaque,
792 1225 887 1266 cum
900 1226 1097 1268 universae
1114 1227 1315 1278 civitates,
1329 1243 1419 1283 quae
1436 1229 1598 1270 defece-

150 1295 254 1333 rant,
269 1283 475 1339 ingentem
497 1286 666 1325 classem
687 1283 1001 1337 comparassent,
1033 1288 1047 1305 ³
1064 1286 1228 1339 repente
1247 1287 1436 1339 exemplo
1453 1289 1596 1327 crude-

149 1340 279 1382 litatis
299 1342 514 1393 exterritae,
536 1343 659 1384 simul
680 1353 719 1382 et
738 1343 780 1383 in
798 1342 991 1383 ultionem
1006 1341 1093 1396 e'jus
1106 1358 1229 1398 quam
1245 1343 1448 1386 defensuri
1468 1354 1596 1398 erant,

150 1399 374 1442 Ptolemaeo
388 1416 427 1441 se
446 1403 604 1442 tradunt
619 1420 626 1439 ι
647 1400 740 1457 ⁶qui
754 1400 830 1441 nisi
848 1400 890 1441 in
904 1402 1142 1455 AEgyptum
1159 1402 1379 1444 domestica
1397 1402 1596 1444 seditione

147 1460 164 1486 ⁷
179 1469 391 1499 revocatus
409 1468 528 1509 esset,
548 1468 678 1500 toturn
692 1474 865 1514 regnum
884 1460 1042 1500 Seleuci
1057 1459 1295 1513 occupasset
1312 1479 1321 1502 :
1354 1469 1512 1501 tantum
1531 1461 1598 1502 vel

149 1514 213 1556 illi
242 1517 399 1566 odium,
430 1518 686 1570 parricidiale
721 1519 867 1568 scelus,
898 1518 965 1558 vel
996 1519 1091 1558 huic
1112 1520 1297 1560 favorem
1326 1518 1492 1575 indigne
1522 1534 1596 1574 pe-

149 1584 318 1629 remptae
337 1590 448 1616 mors
467 1575 630 1629 sororis,
652 1575 854 1617 attulerat.
1470 1573 1477 1577 ¹

681 1691 1068 1723 INTERPRETATIO.

189 1745 206 1765 ²
226 1745 359 1775 (Ϊῡηίίηιιδ
379 1758 407 1776 :e
430 1748 547 1776 tradunt
561 1747 721 1783 Ptolemaeo,
743 1753 770 1778 et
785 1749 850 1788 quia
890 1749 1057 1776 ciscerenlur
1073 1752 1186 1778 mortem
1209 1745 1384 1787 Berenices,
1411 1759 1494 1790 quam
1519 1747 1597 1779 vole-

143 1789 254 1820 terrilae
266 1795 346 1820 erant
360 1790 522 1820 crude-‘itate
545 1788 675 1827 Seleuci,
701 1796 728 1820 et
755 1797 787 1820 ut
807 1792 849 1820 ul·
891 1790 958 1820 bant
967 1792 1119 1832 dq'endere.

783 1891 961 1922 NOTAE.

191 1947 220 1974 1.
243 1945 368 1975 Mortuo
383 1945 477 1988 Syriae
489 1945 573 1987 regn]
597 1946 641 1976 Ita
652 1955 719 1976 rem
729 1953 854 1976 narrant
934 1949 962 1976 5.
977 1944 1135 1987 Daphnae.]
1178 1943 1239 1975 Vel
1254 1944 1464 1976 suburbanum
1479 1945 1596 1977 Antio-

147 1985 364 2028 Hierouymus
378 1997 409 2018 et
425 1988 595 2029 AppianuS.
619 1990 690 2019 Post
707 1988 854 2019 diuturna
891 1987 967 2018 chia,-
980 1988 1087 2028 Syriae,
1102 2002 1136 2018 ex
1150 1989 1290 2029 Stephano
1301 2001 1312 2018 :
1337 1987 1386 2018 vel
1401 1987 1486 2018 locus
1499 1988 1594 2019 fonti—

145 2028 227 2059 inter
239 2030 433 2061 Antiochum
447 2031 552 2065 deum.
567 2031 804 2069 Soterisfilium‚
821 2039 852 2062 et
889 2030 946 2060 bus
968 2031 1113 2072 irriguus,
1138 2030 1284 2061 undecim
1306 2030 1412 2061 stadiis
1425 2031 1463 2060 ab
1479 2031 1593 2062 Antio-

146 2071 354 2103 Ptolemaeum
372 2072 611 2115 Philadelphum
626 2073 723 2111 bella3
750 2073 852 2104 Phila·
888 2072 956 2103 chia
972 2073 1098 2110 distans,
1120 2086 1156 2104 ex
1178 2074 1325 2109 Strabone,
1347 2073 1378 2103 in
1401 2084 1464 2113 quo
1485 2073 1593 2104 fanum

143 2114 278 2156 delphus
298 2114 380 2146 bello
402 2114 507 2154 fessus,
537 2116 715 2147 Berenicem
743 2115 850 2153 filiam,
886 2124 963 2151 erut,
992 2115 1112 2156 asylum
1127 2115 1301 2158 Apollinis;
1334 2116 1469 2157 Daphne
1491 2116 1593 2147 dictus

143 2156 230 2188 dedit
259 2168 388 2188 uxorem
417 2159 576 2189 Antiocho
591 2175 598 2194 ;
634 2160 687 2200 qui
710 2159 849 2200 primun:
885 2167 942 2194 est,
955 2159 1040 2200 quod
1055 2159 1147 2189 lauris
1161 2168 1237 2189 esset
1254 2158 1398 2189 consitus.

142 2200 301 2232 Laodices.
318 2201 452 2242 primam
468 2211 596 2232 uxorem
623 2213 692 2232 cum
710 2201 780 2232 filiis
795 2203 848 2232 Se-
927 2207 956 2233 6.
973 2202 1029 2241 Qui
1043 2204 1099 2231 nisi
1113 2205 1142 2231 in
1158 2204 1335 2244 AEgyptum,
1351 2201 1425 2243 διο]
1460 2201 1594 2243 Syriam,

143 2241 233 2274 leuco
261 2252 293 2274 et
323 2243 482 2275 Antiocho
510 2243 578 2275 auli
607 2244 726 2286 expulit
741 2256 750 2282 ;
791 2245 845 2276 sed
885 2244 1038 2279 Ciliciam,
1067 2252 1098 2274 et
1127 2244 1270 2285 regiones
1291 2251 1375 2274 trans
1397 2243 1591 2285 Euphratem

143 2285 238 2327 paulo
254 2285 336 2327 post,
364 2296 470 2316 amore
485 2287 595 2322 victus,
616 2288 739 2318 reduxit
763 2289 844 2318 Lao-
882 2286 1020 2328 subegit,
1031 2299 1064 2316 ex
1079 2289 1262 2329 Hieronymo.
1286 2286 1480 2328 Babylonem
1494 2287 1590 2318 etiam

90 2359 92 2361 ,
142 2327 244 2365 dicen,
257 2339 338 2370 quae,
350 2329 517 2360 veritaviri
531 2329 670 2371 ambigui
682 2338 713 2360 et
725 2330 848 2361 mobilis
863 2347 866 2356 ι
882 2330 976 2371 cepit,
1005 2338 1037 2360 et
1059 2331 1217 2360 Laodicen
1240 2337 1288 2360 tot
1310 2339 1478 2361 crurnnum
1502 2340 1590 2362 ream

140 2371 294 2406 animum,
307 2382 380 2403 eum
396 2382 515 2402 veneno
529 2372 659 2404 sustulit.
881 2373 979 2403 occidi
993 2371 1095 2413 jussit,
1107 2385 1141 2403 ex
1153 2374 1297 2414 Appiano.

186 2417 216 2444 2.
229 2415 377 2455 Sestum]
425 2414 592 2446 Callinicus
605 2417 690 2457 (quae
704 2426 765 2446 vox
780 2415 845 2447 vic—
923 2419 951 2447 7.
966 2416 1125 2446 Rtvocatus
1140 2415 1230 2457 essm]
1260 2414 1476 2457 Quadraginta
1490 2414 1589 2446 talen·

141 2465 244 2487 torem
259 2458 360 2498 sonat)
390 2457 490 2488 dictus
504 2465 550 2488 est
563 2468 620 2499 per
642 2458 846 2500 antiphrasin,
880 2464 984 2489 torum
1007 2457 1116 2497 millia,
1131 2458 1198 2488 auri
1216 2468 1287 2488 vasa
1302 2460 1448 2500 pretiosa,
1462 2457 1588 2488 simula-

142 2498 240 2539 qniaa
252 2500 350 2531 Gallis
360 2500 440 2542 saepe
451 2501 670 2538 victusfuerat3
681 2503 844 2543 Pogonem
859 2514 863 2521 ·
878 2500 951 2531 chra
966 2501 1097 2531 deorum
1111 2505 1196 2532 ‘2500
1218 2500 1249 2531 in
1272 2503 1453 2543 AEgyptum
1467 2500 1587 2537 retulit,

143 2541 301 2584 Polybius,
313 2543 501 2574 Callinicum
514 2542 565 2573 alii
579 2544 749 2575 nominant.
877 2553 946 2584 qua:
959 2543 1128 2584 Cambyses
1137 2543 1209 2574 olim
1222 2554 1258 2574 ex
1269 2546 1414 2585 AEgypto
1422 2550 1582 2584 rapuerat:

184 2589 215 2616 3.
231 2587 263 2616 A
273 2589 432 2628 parricidio
442 2585 545 2628 cuspin]
587 2586 700 2618 Filium
716 2587 842 2618 Bereni·
878 2587 971 2617 Unde
989 2586 1178 2618 Ptolemaeus
1192 2588 1374 2628 Euergetes,
1387 2586 1445 2616 hoc
1458 2593 1517 2624 est,
1529 2584 1583 2616 be-

141 2639 191 2660 ces
205 2638 276 2658 cum
292 2637 391 2660 matre
405 2628 618 2660 abAntiochae
632 2629 781 2671 praesecto
791 2641 841 2661 oc·
875 2628 1025 2666 nefactor‚
1054 2629 1154 2659 dictus
1183 2637 1237 2659 est.
1290 2628 1530 2669 Hierosol5mis‚
1559 2628 1583 2659 si

143 2671 203 2702 cidi
217 2671 350 2709 curavit,
363 2679 398 2702 ut
412 2671 506 2702 habet
522 2672 744 2712 Hieronymus.
857 2689 860 2697 ·
877 2671 1012 2713 Iosepho
1027 2672 1193 2710 credimus,
1208 2671 1240 2702 iu
1256 2673 1436 2714 AEgyptum
1449 2671 1583 2714 rediens,

182 2719 212 2746 4.
233 2714 389 2756 Beni-iffi]
419 2715 495 2744 Erat
510 2722 541 2745 et
557 2714 754 2756 Philadelphi
768 2708 842 2754 fitia}
874 2714 1067 2750 sacrificavit.

136 2766 169 2794 et
184 2767 270 2789 soror
286 2756 445 2794 Laodices,
461 2757 514 2789 sed
528 2766 603 2790 natu
618 2758 730 2791 minor.

1615 517 1726 557 Ierficif.

1616 560 1654 588 A.
1661 560 1711 590 M.
1721 563 1815 592 3808.

1616 601 1667 632 Ol.
1687 605 1757 634 138.
1779 609 1810 636 3.

1618 644 1811 678 U1·b.c.5o7.

1617 690 1730 721 Anne.
1741 694 1814 722 5244.
