1903 3076
590 178 703 220 ΜΒ.
726 162 788 220 Π.
816 176 946 221 cAP.
967 178 1100 220 vm.
1727 196 1782 229 2,

122 261 212 320 egit
225 265 360 322 (cum,
381 256 414 303 si
435 259 537 316 quid
557 270 631 313 pro
648 261 773 300 altero
789 260 928 300 ordine
942 259 1117 311 tulisset,
1133 259 1246 300 alteri
1265 260 1566 314 displiciturum

126 320 354 376 videretur)
376 328 422 359 ut
442 321 493 359 ab
512 318 694 374 utrisque
714 332 854 371 parem
878 317 1050 374 gratiam
1070 321 1258 359 traheret.
1319 320 1456 373 Hujus
1486 320 1567 360 viri

126 381 230 420 inter
240 378 371 419 multa
390 377 571 433 egregia,
586 376 692 417 illud
704 376 972 416 memorabile
989 375 1089 416 fuit:
1111 375 1225 416 Inter
1243 378 1514 418 Athenienses
1529 387 1570 417 et

128 444 140 460 ¹
159 436 420 491 Megarenses
435 437 484 475 de
504 434 747 488 proprietate
767 441 782 458 ²
800 433 1016 475 Salaminae
1034 433 1191 484 insulae,
1212 436 1341 488 prope
1359 451 1488 490 usque
1506 435 1569 475 in-

124 492 304 544 teritum,
324 492 446 533 armis
477 492 717 534 dimicatum
739 493 886 532 fuerat.
946 491 1041 533 Post
1060 493 1194 533 clades
1222 493 1372 532 multas
1392 493 1568 547 capitale

124 558 209 592 esse
230 553 339 605 apud
358 550 630 591 Athenienses
645 549 782 603 coepit‚
797 548 829 589 si
843 548 938 605 quis
957 550 1093 605 legem
1109 551 1158 589 de
1176 549 1420 591 vindicanda
1436 551 1568 591 insula

123 608 295 650 tulisset.
356 608 560 650 Sollicitus
578 607 704 663 igitur
725 608 866 658 Solon,
880 621 931 647 ne
952 618 1020 648 aut
1038 610 1221 659 tacendo,
1240 623 1385 661 parum
1404 609 1569 662 reipub-

122 668 213 707 licae
233 668 480 716 consuleret3
503 674 570 706 aut
589 667 800 716 censendo,
823 664 925 705 sibi:
946 673 961 692 ⁸
975 665 1154 706 subitam
1173 665 1417 706 dementiam
1439 667 1568 706 simu-

121 726 193 777 lat,
217 725 333 779 cujus
361 724 482 765 venia
512 739 592 765 non
613 723 792 765 dicturus
821 723 942 763 modo
970 722 1201 777 prohibita:
1241 727 1309 764 sed
1330 733 1369 764 et
1385 725 1569 765 facturus

121 791 223 824 erat.
285 782 499 824 Deformis
525 781 683 832 habitu,
713 795 825 822 more
845 781 1081 821 vecordium
1101 780 1145 820 in
1168 781 1383 835 publicum
1402 784 1536 822 evolat
1553 799 1568 831 ;

121 842 312 898 factoque
333 854 531 881 concursu
546 840 776 890 hominum,
795 840 878 894 quo
894 838 1024 893 magis
1039 839 1262 879 consilium
1281 840 1569 890 dissimularet,

122 899 325 941 ³insolitis
343 899 421 940 sibi
443 898 627 939 versibus
648 899 813 937 suadere
844 897 1000 951 populo
1018 897 1156 950 coepit,
1186 900 1294 953 quod
1322 900 1563 941 vetabatur:

120 958 390 1013 omniumque
411 956 568 997 animos
586 956 643 996 ita
655 954 776 1008 cepit,
794 963 841 996 ut
856 955 1064 1007 extemplo
1080 956 1236 995 bellum
1256 956 1450 996 adversus
1469 956 1567 996 Me-

121 1027 307 1069 garenses
325 1017 618 1063 decerneretur,
639 1013 866 1068 insulaque,
892 1017 906 1038 ⁴
923 1012 1094 1053 devictis
1114 1013 1312 1064 hostibus,
1333 1014 1566 1054 Athenien-

121 1074 229 1115 sium
243 1075 371 1115 fieret.

181 1132 312 1173 CAP.
330 1130 462 1173 VIII.
492 1130 652 1172 Interea
665 1130 927 1185 Megarenses
943 1143 1143 1170 memores
1157 1129 1261 1171 illati
1275 1131 1326 1171 ab
1340 1129 1565 1171 Athenien·
1578 1137 1774 1171 A.M.3488.

121 1190 232 1231 sibus
251 1190 366 1240 belli,
385 1198 424 1229 et
439 1189 556 1229 veriti
577 1204 627 1229 ne
649 1188 798 1227 frustra
817 1202 929 1228 arma
948 1187 1125 1228 movisse
1146 1188 1394 1238 viderentur,
1415 1197 1563 1228 matro-
1580 1179 1764 1253 gib-{⁸138}

119 1263 192 1289 nas
209 1247 525 1289 Atheniensium
540 1246 582 1287 in
595 1245 802 1287 Eleusinis
817 1245 941 1286 sacris
956 1255 1076 1287 noctu
1088 1245 1319 1300 oppressuri
1334 1262 1456 1287 naves
1470 1262 1564 1287 con-
1579 1234 1776 1296 Asstke'ffii

120 1308 329 1347 scendunt.
372 1305 462 1361 Qua
479 1320 522 1345 re
538 1304 716 1360 cognita,
736 1306 819 1344 dux
840 1303 1155 1344 Atheniensium
1176 1304 1407 1345 Pisistratus
1421 1305 1566 1358 juven·
1580 1309 1754 1358 Pisistratus

119 1373 249 1405 tutem
269 1368 284 1393 ⁵
299 1365 341 1405 in
356 1363 513 1404 insidiis
530 1365 649 1412 locat,
665 1361 790 1415 jussis
807 1361 1001 1402 matronis
1020 1361 1136 1403 solito
1152 1363 1329 1404 clamore
1357 1377 1401 1403 ac.-
1420 1362 1564 1416 strepi-
1578 1352 1753 1424 Zc'l‘jngt'dm

119 1430 164 1463 tu
195 1421 318 1463 etiam
347 1421 390 1462 in
419 1436 580 1462 accessu
609 1419 802 1469 hostiurn,
833 1434 882 1459 ne
904 1419 1130 1460 intellectos
1161 1436 1203 1461 se
1233 1421 1422 1471 sentiant,
1451 1435 1567 1462 sacra
1636 1400 1658 1434 p
1691 1414 1699 1423 ¹

119 1482 322 1521 celebrare
339 1499 350 1530 ;
393 1494 655 1534 egressosque
692 1477 864 1518 navibus
895 1478 1157 1532 Megarenses
1193 1477 1453 1532 inopinantes
1492 1495 1565 1534 ag..

118 1553 278 1593 gressus
299 1538 450 1579 delevit
469 1555 477 1578 ς
510 1553 555 1577 ac
576 1536 760 1591 protinus
780 1537 904 1575 classe
925 1536 1084 1588 captiva
1105 1536 1355 1577 intermixtis
1374 1537 1565 1578 mulieri-

118 1597 210 1646 bus,
239 1604 285 1637 ut
313 1597 491 1651 speciem
521 1603 731 1648 captarum
761 1603 1037 1634 matronarum
1066 1596 1306 1647 praeberent,
1346 1595 1565 1649 Megaram

119 1652 337 1696 contendit.
410 1654 480 1694 Illi
513 1668 607 1694 cum
627 1662 665 1693 et
695 1651 865 1711 navium
894 1651 1085 1703 formam,
1116 1661 1155 1692 et
1187 1653 1353 1705 petitam
1383 1654 1564 1706 praedam

118 1721 417 1768 cognoscerent,
447 1711 559 1751 obvii
591 1713 639 1751 ad
670 1719 835 1763 portum
864 1712 1101 1762 procedunt,
1130 1710 1277 1765 quib‘us
1297 1711 1426 1761 caesis,
1455 1710 1565 1751 Pisi-

119 1778 265 1810 stratus
283 1770 453 1823 paulum
468 1769 491 1808 ’ὲ
507 1768 702 1822 capienda
723 1769 823 1808 urbe
841 1767 988 1808 abfuit.
1029 1767 1092 1807 Ita
1110 1768 1374 1822 Megarenses
1390 1768 1474 1809 suis
1489 1770 1563 1808 do-

116 1827 185 1879 lis,
199 1828 303 1868 hosti
316 1827 531 1868 victoriam
542 1827 705 1867 dedere.
739 1826 819 1866 Sed
834 1824 1077 1875 Pisistratus,
1088 1825 1204 1880 quasi
1217 1825 1310 1876 sibi,
1323 1842 1404 1866 non
1421 1826 1561 1879 patriae

117 1884 296 1938 vicisset,
309 1886 326 1910 ⁶
340 1885 597 1942 tyrannidem
609 1898 680 1938 per
690 1884 830 1924 dolum
843 1893 1030 1937 occupat:
1049 1884 1203 1939 quippe
1212 1884 1454 1925 voluntariis
1467 1899 1560 1925 ver-

654 2017 1031 2050 INTERPRETATIO.

161 2082 178 2104 ²
195 2083 294 2125 fingit
305 2094 333 2113 se
347 2083 491 2114 dementem
510 2081 728 2122 subitbfactum,
750 2088 781 2113 ut
798 2088 902 2123 posset,
914 2094 966 2112 non
981 2080 1088 2113 tantam
1109 2082 1208 2119 dicere,
1225 2083 1275 2114 sed
1283 2082 1367 2114 etiam
1372 2082 1487 2124 facere,
1499 2094 1558 2124 quae

118 2133 201 2158 erant
214 2128 313 2158 vetita.

764 2205 929 2236 NOTAE.

119 2277 170 2303 tus
184 2277 280 2306 essen
302 2269 426 2308 eodem,
448 2281 511 2312 quo
525 2270 663 2313 sacrilegi
679 2278 709 2302 et
723 2270 824 2302 homi-
895 2275 924 2302 4.
941 2271 1071 2302 Devicta's
1086 2269 1235 2312 hostibus]
1269 2269 1362 2301 Solon
1376 2269 1440 2312 ipse
1461 2269 1560 2301 factus

118 2313 196 2345 cidae
227 2312 376 2355 supplicio
397 2312 600 2344 afficerentur.
653 2313 787 2345 Athenis
808 2313 825 2344 εὶ
853 2313 1024 2355 imperator
1039 2312 1228 2344 Salaminam
1243 2313 1335 2353 cepit.

119 2356 282 2388 Pisistrato
290 2357 441 2397 Tyranno
453 2356 568 2397 pulsus,
576 2356 673 2388 Croesi
683 2355 742 2386 fuit
754 2366 824 2397 gra·
894 2360 925 2388 5.
938 2358 975 2386 In
988 2357 1095 2386 insidiis
1109 2358 1189 2386 locat.
1229 2355 1394 2395 Polyaenus
1407 2354 1440 2386 id
1453 2354 1559 2386 Soloni

119 2398 229 2436 tiosus;
241 2408 321 2429 anno
328 2397 554 2434 natus80‚obiit
562 2399 593 2429 in
601 2397 825 2439 Cyproinsulfi.
851 2398 1036 2435 tribuit‚sed
1045 2409 1097 2428 eos
1109 2398 1195 2428 conci
1209 2406 1251 2428 iat
1267 2396 1467 2431 Plutarchusz
1482 2397 1558 2427 duni

164 2445 192 2472 1.
207 2440 419 2483 Megarenses]
448 2440 532 2471 Urbs
546 2449 592 2471 est
607 2441 746 2477 Achaiae,
759 2452 824 2471 me-
852 2441 884 2472 id
899 2441 1019 2471 Solonis
1041 2441 1179 2477 consilio,
1200 2441 1253 2471 sed
1268 2440 1384 2471 virtute
1407 2439 1558 2470 Pisistrati

118 2482 170 2514 dia
180 2483 261 2514 inter
269 2483 412 2514 Athenas
419 2491 451 2514 et
462 2483 664 2523 Corinthum,
674 2484 713 2514 ad
724 2484 824 2514 sinum
850 2491 1007 2526 peractam
1021 2482 1167 2514 affirmat.

117 2526 309 2557 Saronicum.
895 2531 923 2557 6.
939 2527 1127 2566 Tyrannidem
1138 2533 1190 2566 per
1205 2524 1320 2566 dolum.]
1351 2524 1402 2554 Bis
1424 2523 1559 2555 Athenis

164 2571 195 2598 2.
211 2569 364 2600 Salamine
385 2568 504 2611 insula]
531 2570 565 2600 In
582 2568 727 2601 Saronico
750 2569 826 2600 sinu.
852 2569 968 2610 ejectus
982 2576 1038 2603 est,
1058 2567 1338 2608 semelaLycurgo
1349 2574 1380 2596 et
1391 2565 1560 2607 Megacle;

121 2611 228 2642 Colurt'.
853 2611 967 2641 iterum
983 2611 1001 2641 ὲ
1017 2609 1165 2652 Megacle
1181 2621 1305 2646 socero;
1328 2609 1409 2639 illius
1423 2610 1506 2638 enim
1520 2608 1561 2639 fi«

162 2657 192 2684 8.
205 2654 334 2685 [molitis
355 2655 409 2685 sibi
428 2653 578 2696 versibus]
611 2653 689 2685 Illud
712 2655 824 2695 poe'ma
853 2653 927 2684 liam
954 2652 1025 2683 exul
1051 2653 1082 2683 in
1105 2651 1228 2684 Eretria
1253 2661 1383 2683 uxorem
1405 2650 1556 2682 duxerat:

118 2702 245 2726 centum
261 2703 401 2727 constans
413 2696 565 2738 versibus,
579 2697 706 2730 Salamis
721 2696 826 2729 inscri—
853 2696 925 2726 cum
948 2703 1053 2726 tamen
1074 2695 1175 2726 victus
1195 2694 1402 2726 Athenienses
1425 2692 1561 2734 benigne

118 2736 261 2771 bebatur.
303 2740 388 2782 Diog.
404 2741 505 2773 Laert.
854 2737 1020 2778 habuisset,
1034 2737 1230 2780 tyrannidem
1247 2737 1341 2770 tertio
1356 2736 1561 2778 recuperavit,
