1903 3076
589 164 700 215 LlB.
732 162 793 206 II.
847 164 977 207 CAP.
1010 163 1095 206 VI.
1719 174 1770 212 25

121 253 201 290 tur.
258 246 421 303 Quippe
443 244 635 301 conjuges
655 261 795 289 eorum
824 246 946 301 longa
966 244 1245 300 expectatione
1264 245 1448 288 virorum
1476 247 1558 291 fes-

121 321 189 358 sae,
209 319 281 346 nec
303 305 387 360 jam
408 304 535 344 teneri
565 306 689 354 bello,
720 307 789 345 sed
807 306 961 346 deletos
978 314 1087 354 ratae,
1119 304 1244 345 servis
1265 306 1314 344 ad
1334 306 1561 346 custodiam

119 377 313 418 pecorum
346 361 498 402 relictis
527 360 713 404 rffibunt:
747 363 819 418 qui
842 377 1023 403 reversos
1042 376 1137 402 cum
1165 361 1337 404 victori&
1357 363 1559 416 dominos,

119 423 231 463 velut
250 422 439 471 advenas,
453 420 595 460 armati
612 421 758 461 finibus
781 421 1010 475 prohibent.
1062 419 1224 475 Quibus
1239 420 1336 461 cum
1348 421 1560 463 variavic-

119 478 219 520 toria
238 477 392 529 fuisset,
411 480 677 519 admonentur
700 479 862 535 Scythae
883 487 1040 519 mutare
1060 493 1188 533 genus
1206 492 1371 533 pugnae,
1401 494 1558 521 merno-

113 545 180 578 ies
194 550 274 577 non
291 551 385 577 cum
401 536 597 587 hostibus,
615 539 683 577 sed
696 551 790 577 cum
809 537 936 577 servis
953 537 1232 589 praeliandum,
1246 551 1319 576 nec
1333 551 1558 589 armorum,

116 596 186 635 sed
207 595 467 635 dominorum
485 593 576 647 jure
592 595 811 636 vincendos
830 613 838 635 :
870 596 1039 634 verbera
1058 594 1099 634 in
1119 593 1264 644 aciem,
1285 609 1366 635 non
1386 596 1466 635 tela
1485 598 1558 636 ad-

115 652 282 693 ferenda
299 670 311 701 3
343 651 576 706 omissoque
595 653 720 704 ferro,
740 653 874 707 virgas
896 667 941 692 ac
960 652 1132 706 flagella,
1155 651 1377 708 caeteraque
1397 652 1556 694 servilis

115 709 250 751 metfis
271 712 448 764 paranda
466 709 747 751 instrumenta.
806 711 980 751 Probato
998 725 1140 750 omnes
1158 709 1344 761 consilio,
1372 710 1559 752 instructi

115 767 221 809 sicut
239 779 487 823 praeceptum
499 778 597 819 erat,
609 768 824 823 postquam
840 771 889 808 ad
906 770 1062 809 hostem
1077 768 1294 819 accessere,
1313 768 1560 822 inopinanti·

114 827 191 867 bus
211 827 379 867 verbera
397 826 615 867 intentant:
645 827 828 882 adeoque
848 825 942 868 illos
970 827 1246 879 perculerunt,
1263 835 1308 866 ut
1327 842 1428 882 quos
1448 828 1557 868 ferro
1592 854 1595 857 -

115 899 195 924 non
212 893 410 938 poteraut,
422 894 531 924 metu
545 887 762 925 verberum
774 885 978 925 vincerent
990 903 1001 933 3
1024 885 1265 939 fugamque,
1272 898 1352 924 non
1366 894 1410 926 ut
1421 886 1557 927 hostes

113 941 229 993 victi,
248 945 316 984 sed
334 952 378 983 ut
399 941 564 998 fugitivi
586 943 705 992 servi,
722 952 984 995 capesserent.
1036 947 1051 966 ²
1065 942 1307 997 Quicunque
1324 942 1416 996 capi
1433 951 1555 996 potu-

114 999 244 1050 erunt,
265 1001 465 1055 supplicia
485 1001 672 1041 crucibus
703 1001 882 1042 luerunt.
943 999 1142 1041 Mulieres
1156 1012 1325 1055 'quoque
1345 1001 1455 1042 male
1474 1001 1553 1042 sibi
1568 1020 1585 1039 uf
1600 1020 1757 1069 Idanthyri

114 1058 299 1109 consciae,
321 1058 469 1113 partim
490 1059 611 1110 ferro,
631 1059 776 1112 partim
798 1059 1027 1113 suspendi0‚
1049 1058 1177 1099 vitam
1194 1057 1396 1099 finierunt.
1455 1060 1553 1100 Post
1564 1067 1625 1096 alii·

112 1117 199 1157 haec
218 1131 298 1170 pax
311 1120 417 1170 apud
435 1118 604 1170 Scythas
624 1117 717 1168 fuit,
729 1132 857 1172 usque
873 1127 1055 1170 tempora
1069 1115 1267 1171 Jancyri*
1286 1115 1408 1170 regis.
1440 1117 1551 1159 Huic
1564 1109 1760 1182 ἓῇὒὲὲὸξῖδ·

112 1174 281 1226 Darius,
293 1190 364 1215 rex
379 1176 610 1225 Persarum,
622 1175 724 1215 sicut
741 1176 861 1228 supra
873 1175 1030 1215 dictum
1043 1184 1116 1226 est,
1131 1174 1226 1214 cum
1239 1173 1331 1215 filiae
1345 1174 1431 1227 ejus
1443 1183 1548 1228 nup-
1563 1174 1756 1226 Ur'b.C'.2⁸3’5.

110 1231 187 1273 tias
199 1248 278 1273 non
291 1233 540 1282 obtinuisset,
553 1233 709 1272 bellum
725 1232 881 1274 intulit:
906 1242 945 1273 et
957 1232 1122 1290 armatis
1139 1231 1403 1287 septingentis
1419 1232 1548 1273 milli-
1560 1238 1756 1270 ΑΜΕ-516.

110 1290 186 1330 bus
195 1291 409 1331 hominum
419 1290 627 1345 Scythiam
641 1290 943 1345 ingressus,non
954 1289 1196 1331 facientibus
1206 1290 1386 1330 hostibus
1399 1304 1547 1346 pugnae

105 1356 362 1402 potestatem,
393 1359 589 1398 metuens,
621 1352 633 1368 ¹
647 1363 696 1388 ne
717 1347 937 1402 interrupto
958 1358 1077 1401 ponte
1099 1347 1236 1398 21stri,
1267 1352 1281 1377 ³
1296 1347 1446 1389 reditus
1467 1348 1546 1391 sibi

107 1406 456 1458 intercluderetur,
485 1405 643 1447 amissis
661 1407 865 1463 octoginta
892 1407 1079 1447 millibus
1099 1405 1315 1446 hominum
1334 1406 1545 1460 strepidus

109 1463 281 1520 refugit:
302 1480 390 1521 quae
408 1465 577 1519 jactura,
589 1466 816 1505 abundante
829 1465 1106 1516 multitudine,
1125 1464 1228 1504 inter
1243 1465 1390 1505 damna
1408 1479 1554 1506 nume-

109 1531 194 1563 rata
215 1538 295 1564 non
323 1532 398 1564 est.
444 1523 543 1564 Inde
565 1523 708 1564 Asiam
727 1532 767 1565 et
795 1528 810 1554 ⁵
824 1522 1111 1564 Macedoniam
1137 1523 1154 1549 ⁶
1176 1520 1357 1564 domuit:
1389 1529 1405 1553 ⁷
1431 1522 1553 1567 Ionas

637 1646 1018 1680 INTERPRETATIO.

294 1724 309 1743 ²
330 1725 488 1767 Quicunque
501 1726 578 1767 capti
591 1730 667 1764 sunt,
681 1724 816 1760 crucibus,
834 1725 862 1754 ἱη
873 1731 982 1767 pomam
997 1722 1184 1766 rebellionis,
1197 1725 1280 1768 qffixi
1291 1732 1367 1759 sunl.

745 1835 911 1868 NOTAE.

154 1913 182 1940 l.
200 1910 249 1940 Ne
262 1911 418 1951 interrupto
428 1909 534 1953 pann]
555 1909 739 1950 Scytharum
754 1919 808 1940 rex
841 1909 903 1940 dux
940 1910 1050 1941 Ionum
1082 1910 1217 1943 reductis
1253 1909 1382 1942 navibus
1415 1918 1545 1954 pontem

111 1951 319 1993 lndaethyrsus
333 1963 384 1983 seu
402 1954 416 1984 J
421 1963 550 1997 ancyrus
560 1954 597 1983 ad
607 1952 739 1983 Darium
751 1952 808 1983 mi-
838 1952 949 1994 junxit.

108 2002 188 2025 serat
203 1996 447 2031 caduceatorem,
459 2006 530 2026 cum
542 2006 608 2031 ave,
618 1994 810 2032 ran5,mure‚
883 1998 913 2027 5.
935 1995 1163 2038 Macedoniam]
1205 1998 1285 2037 Quae
1299 1995 1376 2028 olim
1395 1997 1546 2029 AEmonia

108 2044 141 2068 et
155 2037 291 2079 quinque
306 2038 447 2079 Sagittis:
464 2039 547 2079 quod
558 2037 701 2078 Gubryas
711 2037 809 2067 sicin·
840 2044 871 2068 et
901 2038 1047 2069 Emathia
1075 2038 1158 2069 dicta
1185 2047 1240 2070 est.
1296 2039 1431 2076 Graecia,
1464 2040 1544 2071 mari

108 2086 298 2121 terpretaius
311 2087 368 2120 est,
393 2081 416 2111 Ο
432 2082 542 2119 Perse,
564 2084 619 2111 nisi
639 2094 707 2111 aves
722 2083 811 2122 effi‘cn'
841 2080 937 2118 Ionio,
961 2088 995 2112 et
1008 2082 1126 2122 AEgeo,
1138 2079 1336 2124 Thraciaque
1351 2081 1547 2114 circumscri-

107 2123 255 2154 subvoletis
270 2126 299 2153 in
313 2125 416 2161 coelum,
437 2130 487 2153 aut
507 2136 597 2154 mures
618 2124 737 2154 subeatis
752 2130 809 2153 ter-
839 2122 935 2154 bitur.

108 2178 185 2204 ram,
205 2173 255 2196 aut
267 2178 346 2196 ranae
361 2168 495 2196 insiliatis
508 2169 537 2196 in
547 2168 676 2208 paludes,
698 2178 749 2196 non
765 2179 811 2197 re-
880 2169 912 2196 6.
935 2165 1078 2207 Domuit]
1122 2168 1182 2198 Per
1198 2166 1411 2209 Megabysurn
1433 2166 1546 2199 Helle·

108 2210 233 2239 meabitis
248 2209 293 2238 his
308 2211 420 2249 saginis
435 2209 546 2256 corfixi.
839 2209 985 2249 spontios‚
1008 2208 1194 2246 Perinthios,
1217 2211 1370 2249 Paeonioe,
1389 2209 1542 2241 Thracas-

152 2254 181 2281 2.
201 2251 300 2294 Ima]
343 2250 492 2287 Danubii,
506 2251 559 2292 qui
573 2258 703 2293 propter
713 2250 811 2293 Alpes
838 2261 898 2292 que
913 2251 1045 2282 domuit.
1229 2273 1235 2278 -

107 2292 217 2330 oritur,
234 2294 447 2332 Germaniam,
463 2293 669 2334 Illyricum,et
680 2294 810 2325 Daciam
882 2297 912 2325 7.
928 2293 1037 2336 Ionem]
1061 2295 1160 2326 Causa
1169 2293 1244 2326 belli
1258 2294 1325 2326 haec
1336 2293 1411 2326 fuit=
1429 2294 1544 2327 Darius

106 2336 812 2378 transgressus‚acceptissexagintafiuminibus
840 2336 972 2367 Histiaeo
995 2335 1122 2367 Milesio
1145 2337 1256 2368 urbem
1275 2337 1315 2369 ad
1341 2339 1543 2379 Strymonem

108 2377 139 2408 in
157 2380 293 2410 Pontum
309 2379 464 2409 Euxinum
481 2389 531 2409 sex
545 2379 631 2409 ostiis
644 2378 810 2410 evolvitur.
839 2378 971 2409 condere
994 2379 1196 2420 permiserat;
1218 2379 1272 2411 sed
1296 2379 1389 2422 paulo
1410 2380 1482 2422 post
1503 2390 1543 2412 ex

108 2419 316 2463 Ubiprimum
326 2421 358 2452 111
374 2421 809 2462 ·ricumattigit.Isterdicitur.
839 2420 989 2452 sententia
1002 2421 1180 2463 Megabysi,
1192 2433 1231 2453 ne
1242 2422 1274 2454 id
1283 2421 1457 2465 perficeret,
1468 2432 1544 2463 pro-

151 2467 180 2494 8.
195 2465 311 2495 Reditus
326 2468 350 2494 si
369 2468 390 2500 i,
414 2464 490 2507 ἰπὶ]
526 2463 648 2504 Scythae
665 2463 748 2495 enim
764 2465 808 2495 10.
840 2463 951 2499 hibuit,
979 2463 1115 2506 eumque
1129 2465 1168 2496 ad
1183 2476 1214 2496 se
1228 2465 1380 2501 evocavit,
1403 2475 1443 2496 ne
1465 2465 1542 2507 quid

108 2504 208 2542 nibus,
230 2517 307 2548 quos
321 2507 435 2538 Darius
456 2508 495 2537 ad
517 2507 619 2548 pontis
640 2506 810 2537 custodiam
840 2506 1102 2538 novimoliretur:
1120 2506 1180 2548 qua
1191 2517 1224 2538 re
1235 2506 1368 2539 offensus
1379 2506 1541 2543 Histiaeus,

109 2547 287 2590 reliquerat,
309 2549 482 2587 suasErunt,
501 2558 537 2581 ut
561 2557 691 2592 pontem
712 2548 811 2580 solve·
840 2548 920 2580 clam
942 2559 998 2590 per
1021 2548 1238 2592 Aristagoram
1259 2560 1423 2591 generum,
1446 2559 1543 2590 quem

109 2597 188 2622 rent.
352 2601 355 2603 ·
842 2590 950 2622 Mileti
965 2591 1142 2633 reliquerat,
1163 2594 1250 2623 Ionas
1267 2592 1287 2624 εἰ
1302 2592 1402 2624 Persis
1417 2591 1542 2627 avertit.

151 2637 181 2664 4.
197 2634 356 2676 Trepidam]
379 2635 460 2676 Quia
482 2633 686 2666 imminebant
700 2634 813 2670 hostes,
840 2633 974 2675 ipseque,
987 2634 1101 2665 relictis
1109 2635 1196 2666 Darii
1207 2634 1358 2678 partibus,
1367 2645 1398 2667 se
1409 2633 1544 2678 praebuit

109 2682 141 2706 et
165 2686 242 2718 pons
263 2677 380 2711 solutus
406 2685 480 2710 erat.
523 2676 635 2711 Postea
662 2677 814 2711 Histiaeus
842 2676 965 2709 Ionibus
978 2675 1053 2710 belli
1066 2676 1186 2710 ducem.
