1903 3076
660 179 772 222 LIB.
794 176 939 220 XLII.
973 177 1103 224 CAR
1126 179 1187 221 V.
1777 191 1854 226 311

201 261 422 304 interfecit:
453 276 526 302 nec
544 261 630 301 ullo
650 262 759 302 bello
780 260 917 302 Parthi
937 276 1121 316 unquam
1142 262 1275 316 majus
1300 262 1448 303 vulnus
1478 262 1643 315 accep&-

200 331 308 362 runt.
340 322 438 362 Haec
451 320 546 360 cum
565 318 606 359 in
623 318 787 360 Parthia
804 318 993 360 nunciata
1012 329 1157 370 essent,
1176 321 1332 362 Orodes
1348 330 1459 374 pater
1479 319 1642 370 Pacori,

199 379 271 434 qui
284 378 407 434 paulo
420 387 508 418 ante
523 386 724 418 vastatam
741 377 918 433 Syriam,
939 386 1180 431 occupatam
1195 377 1340 418 Asiam
1358 394 1380 418 a
1394 377 1552 419 Parthis
1568 393 1639 417 au-

197 438 338 487 dierat,
359 436 640 491 victoremque
662 436 857 477 Pacorum
878 436 1161 477 Romanorum
1182 436 1446 490 gloriabatur,
1473 437 1639 489 repente

198 494 273 536 filii
289 504 432 544 morte,
450 503 491 535 et
507 493 712 535 exercitas
732 494 846 534 clade
859 494 1013 546 audita,
1030 509 1083 534 ex
1098 494 1238 535 dolore
1257 493 1298 533 in
1316 493 1494 535 furorem
1513 492 1639 536 verti-

196 562 275 594 tur.
318 552 466 594 Multis
485 552 630 593 diebus
650 568 730 593 non
749 551 902 606 alloqui
921 566 1186 607 quemquam,
1204 566 1283 592 non
1304 550 1443 593 cibum
1464 566 1638 603 sumere,

194 625 274 651 non
295 626 440 651 vocem
461 610 636 661 mittere,
659 609 716 650 ita
735 619 782 651 ut
800 610 923 651 etiam
953 619 1089 651 mutus
1118 609 1248 650 factus
1268 608 1485 650 videretur.
1543 609 1638 650 Post

193 669 345 709 multos
358 669 499 710 deinde
518 668 620 719 dies,
636 667 707 709 ubi
716 669 835 708 dolor
849 683 994 709 vocem
1009 668 1233 720 laxaverat,
1254 667 1360 708 nihil
1381 668 1491 708 aliud
1507 667 1635 722 quam

192 725 389 767 Pacorum
412 728 601 767 vocabat:
624 726 801 768 Pacorus
822 725 887 767 illi
899 725 1044 778 videri,
1056 726 1232 767 Pacorus
1251 725 1380 766 audiri
1396 725 1631 774 videbatur3

186 798 286 825 ⁴cum
299 785 372 824 illo
388 784 517 840 loqui,
537 799 632 825 cum
647 783 720 825 illo
736 783 973 826 consistere:
996 783 1201 825 interdum
1218 784 1335 839 quasi
1356 783 1551 825 amissum
1563 783 1633 823 fle-

190 842 327 883 biliter
346 845 521 884 dolebat.
563 843 657 884 Post
677 843 848 898 longum
864 842 1010 883 deinde
1026 843 1199 894 luctum,
1219 842 1299 882 alia
1318 841 1532 884 solicitudo
1552 841 1632 881 mi-

189 903 405 941 serandum
423 916 559 942 senem
579 900 748 950 invadit,
764 915 886 956 quem
900 915 952 941 ex
965 915 1136 941 numero
1149 915 1235 940 xxx
1251 899 1425 940 filiorum
1439 900 1633 940 inlocum

190 958 334 999 Pacori
355 974 494 1015 regem
513 959 698 1000 destinet.
721 959 868 1000 Multae
888 958 1070 1012 pellices,
1090 973 1142 998 ex
1163 957 1312 1013 quibus
1333 967 1522 1013 generata
1541 966 1630 998 tan-

188 1025 227 1056 ta
245 1017 435 1070 juventus
446 1027 544 1068 erat,
565 1032 640 1072 pro
656 1018 737 1059 suis
751 1032 925 1073 quaeque
945 1016 1127 1066 solicitas,
1148 1015 1330 1056 animum
1351 1017 1458 1056 senis
1473 1015 1632 1056 obside-

186 1074 298 1115 bant.
358 1076 437 1116 Sed
463 1076 591 1116 fatum
613 1075 785 1118 Parthiae
805 1075 918 1127 fecit,
937 1075 979 1117 in
1000 1075 1081 1130 qua
1104 1075 1190 1128 jam
1210 1073 1327 1130 quasi
1363 1075 1527 1115 solenne
1556 1082 1632 1124 est,

186 1147 301 1188 reges
331 1133 550 1188 parricidas
584 1135 749 1185 habere,
788 1143 833 1175 ut
867 1132 1195 1175 sceleratissimus
1230 1132 1432 1185 omnium,
1468 1140 1509 1173 et
1541 1132 1630 1186 ipse

184 1191 376 1232 Phraates
395 1192 574 1243 nomine,
592 1206 664 1232 rex
683 1200 938 1233 statueretur.

244 1250 380 1290 CAP.
400 1251 461 1290 V.
494 1250 635 1304 ltaque
656 1251 805 1301 statim,
825 1250 939 1305 quasi
960 1250 1086 1291 nollet
1106 1248 1225 1298 mori,
1258 1254 1268 1270 ¹
1285 1256 1443 1302 patrem
1461 1247 1627 1288 interfe-
1645 1258 1794 1292 Phraatis*

183 1306 260 1347 cit:
295 1308 437 1349 fratres
458 1323 622 1363 quoque
643 1323 728 1348 xxx
749 1308 943 1349 trucidat:
967 1311 1035 1349 sed
1053 1321 1127 1348 nec
1147 1308 1189 1348 in
1208 1307 1303 1348 filiis
1324 1315 1483 1348 cessant
1501 1305 1630 1360 parri-
1647 1305 1815 1355 01‘0df1stl‘2'

183 1364 303 1405 cidia.
341 1365 454 1406 Nam
475 1367 573 1407 cum
593 1366 758 1407 infestos
779 1365 859 1407 sibi
878 1366 1092 1420 optimates
1113 1374 1278 1419 propter
1299 1365 1458 1406 assidua
1479 1365 1630 1405 scelera
1639 1350 1811 1431 {2222}ssOE

181 1423 351 1472 videret,
373 1440 422 1464 ne
443 1434 543 1466 esset
563 1424 638 1481 qui
657 1423 858 1466 nominari
878 1437 952 1464 rex
973 1432 1122 1478 posset,
1145 1424 1330 1464 adultum
1351 1423 1484 1464 filium
1504 1422 1626 1463 iuter-
1641 1434 1835 1473 signamilita-

181 1481 246 1520 fici
273 1482 404 1535 jubet.
462 1483 572 1523 Huic
601 1482 826 1533 Antonius,
858 1491 1025 1537 propter
1056 1481 1260 1525 auxilium
1291 1482 1481 1523 adversus
1512 1496 1554 1520 se
1585 1490 1623 1521 et
1641 1475 1833 1525 '¹'⁰‚‘¹⁶⁶⁰'‘·

184 1539 388 1586 Caesarem
419 1540 560 1588 latum,
590 1542 746 1581 bellum
779 1545 900 1581 'cum
927 1539 1417 1582 sexdecimvalidissimis
1448 1524 1715 1593 legioni-petet.

181 1597 259 1637 bus
279 1597 436 1638 intulit:
472 1600 540 1638 scd
563 1598 737 1654 graviter
758 1601 772 1627 3
786 1599 927 1640 multis
945 1598 1097 1652 praeliis
1116 1606 1304 1648 vexatus,
1331 1597 1354 1636 a
1374 1596 1540 1637 Parthia
1559 1611 1622 1636 re-

181 1655 304 1709 fugit.
364 1655 453 1710 Qua
474 1656 641 1697 victoria
672 1656 906 1700 insolentior
927 1658 1119 1699 Phraates
1140 1655 1336 1706 redditus,
1366 1663 1381 1680 ²
1399 1655 1494 1695 cum
1513 1656 1623 1694 mul-

179 1723 219 1752 ta
259 1714 471 1754 crudeliter
512 1716 753 1767 consuleret,
791 1715 835 1756 in
876 1714 1048 1756 exilium
1084 1714 1107 1753 ὲ
1143 1714 1295 1767 populo
1335 1728 1408 1753 suo
1443 1711 1622 1765 pellitur.

178 1770 323 1826 Itaque
346 1773 607 1828 cummagno
628 1786 808 1827 tempore
837 1773 1031 1819 finitimas
1059 1771 1257 1822 civitates,
1287 1773 1338 1811 ad
1370 1780 1623 1824 postremum

705 1872 1088 1904 1NTERPRETAT10.

302 1939 316 1958 ²
335 1940 461 1983 Ejicitur
477 1942 505 1971 in
521 1941 636 1971 exilium
652 1939 668 1970 ἂ
680 1941 795 1982 populo,
808 1952 868 1971 cum
882 1941 1071 1971 crudelitatem
1085 1950 1164 1970 suam
1179 1939 1209 1969 in
1223 1937 1319 1968 multia
1332 1936 1510 1969 exhibuisset.
1545 1956 1553 1963 κ

818 2027 991 2059 NOTA-2.

176 2103 291 2135 Consul
308 2111 443 2135 creatur:
465 2103 549 2145 quod
566 2101 703 2144 Populus
718 2103 879 2133 Romanus
913 2102 953 2134 lia
975 2101 1139 2134 Gallorum
1157 2103 1208 2140 10,
1229 2099 1456 2131 Armeniorum
1476 2101 1524 2136 11,
1546 2097 1620 2130 alia-

175 2155 239 2177 tzim
255 2147 382 2188 indigni.-
398 2145 480 2182 tulit.
496 2154 528 2177 ut
540 2146 635 2187 vulgo
653 2156 708 2187 per
719 2146 783 2176 vius
795 2144 879 2176 urbis
913 2155 982 2176 rum
998 2144 1139 2186 gentium
1152 2147 1212 2175 30:
1237 2141 1387 2184 praeterezi
1404 2140 1616 2182 Hispanorum

174 2189 317 2220 versituli
333 2189 554 2220 scriberentur:
913 2187 1103 2230 equitatum:
1128 2185 1240 2228 quibus
1254 2185 1349 2226 copiis
1369 2185 1497 2216 Bactros
1512 2192 1544 2214 et
1566 2184 1616 2214 In-

913 2230 967 2262 dos
981 2230 1105 2268 terruit,
1127 2229 1151 2260 si
1165 2227 1312 2269 Appiano
1327 2226 1489 2259 credimus.

954 2277 983 2304 3.
999 2273 1112 2303 Multi:
1121 2273 1233 2312 praeliis
1241 2269 1385 2317 vexatus]
1400 2270 1487 2300 Dum
1498 2270 1616 2300 Praeas·

177 2275 340 2305 Concurrite
351 2286 440 2304 omne:
454 2275 586 2315 Augure:
604 2274 756 2314 Aruspt'ccs
765 2284 776 2303 .·

176 2319 341 2347 Portentum
360 2318 521 2346 frunimium
537 2316 682 2358 cotfiatum
699 2323 739 2345 est
753 2327 861 2347 recem:

174 2361 257 2390 Nam
273 2362 356 2390 mulos
373 2362 421 2400 qui
425 2360 571 2400 fricabat,
577 2360 676 2400 sactus
691 2364 731 2388 cst
748 2359 856 2388 Consul.

219 2447 246 2473 1.
268 2445 386 2474 Patrem
406 2443 574 2486 interfecit]
598 2441 765 2473 Laboranti
780 2441 874 2473 inter-

175 2486 237 2516 cuti
252 2486 362 2517 morbo
372 2485 528 2517 aconitum
543 2486 684 2516 miscuit:
708 2484 792 2526 quod
803 2484 874 2516 cum

196 2538 229 2558 er
253 2528 357 2558 alvum
381 2529 426 2559 vis
449 2527 552 2558 morbi
576 2526 746 2569 dejecisset,
773 2527 817 2557 ita
839 2534 875 2557 ut

173 2538 242 2600 Rex
264 2571 355 2612 paulo
379 2582 409 2601 se
431 2570 559 2601 haberet
581 2569 701 2606 melius,
720 2570 874 2610 jacentem

173 2612 204 2642 in
233 2611 313 2644 lecto
341 2612 503 2655 praefocari
529 2612 628 2654 jussit.
683 2614 734 2643 Ita
758 2613 874 2654 Appia-

172 2667 232 2685 nu!-

215 2701 242 2726 2’.
268 2698 335 2726 Cum
348 2700 482 2729 sexdecim
497 2699 680 2728 validissimi:
702 2696 874 2738 legionibus]

174 2740 386 2771 Romanorum
398 2749 429 2773 et
443 2740 595 2772 sociorum
609 2739 742 2772 habebat
752 2743 793 2771 60
802 2738 872 2771 mil-

912 2326 951 2357 pa
967 2314 1088 2346 Mediae
1104 2311 1307 2354 Metropolim
1317 2311 1450 2349 obsidet,
1462 2310 1616 2341 Statianus

911 2367 983 2388 cum
998 2355 1135 2388 millibus
1149 2355 1257 2386 decem
1272 2354 1290 2385 εἰ
1314 2353 1438 2385 Parthis
1452 2363 1614 2394 oppressus

911 2407 974 2431 est:
999 2397 1121 2436 deinde,
1146 2397 1223 2429 inito
1251 2397 1430 2432 certamine,
1458 2396 1530 2426 cum
1558 2405 1614 2426 nec

912 2442 1012 2472 victus
1026 2451 1082 2472 nec
1096 2441 1196 2471 victor
1209 2439 1402 2476 discessisset,
1416 2437 1531 2469 frustra
1546 2445 1613 2468 ten-

912 2483 976 2515 tati
998 2494 1083 2525 pace,
1108 2482 1294 2514 Armeniam
1316 2480 1431 2523 repetit
1453 2479 1614 2520 inglorius,

912 2526 987 2557 dum
1001 2525 1148 2558 Phraates
1156 2524 1236 2555 inter
1243 2524 1354 2567 viginti
1363 2530 1482 2564 septem
1492 2522 1615 2553 dierum

912 2569 992 2599 inter
1020 2575 1114 2599 noctu
1139 2567 1266 2608 diuque,
1298 2565 1472 2597 octodecim
1501 2564 1616 2605 praeliis

911 2621 982 2642 eum
997 2610 1118 2652 fatigat.
1160 2609 1320 2640 Antonin·
1332 2617 1450 2646 tamen,
1465 2607 1551 2648 quod
1566 2607 1614 2637 vi-

911 2664 968 2684 vus
983 2653 1000 2684 ὲ
1015 2651 1142 2684 Parthia
1164 2651 1316 2688 rediisset,
1334 2650 1486 2682 victorem
1500 2649 1614 2691 praedi-

909 2706 979 2726 care
1003 2705 1034 2726 se
1058 2705 1120 2725 non
1143 2694 1279 2731 erubuit,
1302 2701 1337 2725 ut
1361 2692 1501 2726 referunt
1522 2693 1613 2732 Dion,

909 2738 1096 2778 Plutarchus,
1109 2743 1140 2768 et
1156 2738 1319 2778 Appianas.

1141 2794 1168 2821 x
1188 2787 1216 2822 4
