1903 3076
557 167 670 209 LIB.
694 166 852 209 XXII.
882 167 1014 210 CAP.
1034 166 1072 209 1.
1095 167 1158 210 ΙΙ.
1719 176 1801 216 137

719 271 919 313 CAPUT
949 271 985 314 I.

113 343 643 462 ἈΟΑΤΗΟΟΕΕ
659 345 684 386 S
738 345 887 387 Siciliae
927 355 1138 402 tyrannus,
1155 345 1250 411 'qui
1301 346 1571 404 magnitudini
1586 353 1753 395 Agathocli.-

275 403 421 459 prioris
440 402 636 459 Dionysii
658 418 863 454 successit,
881 405 933 444 ad*
945 405 1061 459 regni
1083 414 1335 458 majestatem
1356 421 1408 447 ex
1422 407 1570 449 humili
1584 402 1783 470 giffm'u'fflf·

116 473 159 506 et
178 463 338 505 sordido
357 476 503 517 genere
522 462 723 516 pervenit.
759 463 924 518 Quippe
935 463 978 504 in
997 462 1137 504 Sicilia
1156 467 1285 517 2patre
1300 463 1424 519 figulo
1437 475 1570 518 natm,
1582 444 1772 528 tuJoi’eJtc‘iyi-

117 538 206 566 non,
235 520 507 563 honestiorem
550 520 766 574 pueritiam
801 522 926 575 quam
966 520 1166 574 principia
1199 522 1370 578 originis
1407 525 1567 566 habuit.
1582 530 1692 558 rannis.

118 579 332 636 Siquidem
362 578 494 619 forma
518 593 555 619 et
575 579 757 632 corporis
789 578 1091 632 pulchritudine
1126 580 1332 635 egregius,
1350 580 1421 622 diu
1440 583 1568 623 vitam
1581 571 1784 646 &lq-1272&

115 637 249 692 stupri
264 637 463 692 patientia
474 637 681 678 exhibuit.
710 639 855 677 Annos
867 637 1010 678 deinde
1027 637 1250 690 pubertatis
1261 654 1462 695 egressus,
1474 641 1570 682 libi·
1584 636 1783 691 ufheim]

116 697 257 738 dinem
284 696 307 735 ὲ
326 694 425 737 viris
445 697 494 735 ad
514 694 702 736 foeminas
727 695 943 736 transtulit.
994 696 1090 736 Post
1110 699 1197 737 haec
1217 700 1326 750 apud
1346 699 1570 756 utrumque
1583 701 1659 730 Ant.
1668 701 1786 735 0224.

118 769 266 796 sexum
288 755 487 805 famosus,
509 753 636 795 vitam
655 753 878 794 latrociniis
898 753 1087 795 mutavit.
1139 754 1358 809 Interjecto
1374 766 1573 811 tempore,

118 813 218 854 cum
238 813 458 868 Syracusas
469 810 744 862 concessisset,
763 811 999 866 ascitusque
1017 811 1058 852 in
1075 812 1283 854 civitatem
1303 813 1407 856 inter
1421 815 1576 858 incolas

119 880 238 922 esset,
258 871 330 911 diu
350 871 438 911 sine
459 870 536 911 fide
553 869 654 911 fuit:
678 870 875 924 quoniam
898 885 969 910 nec
985 870 1029 910 in
1046 871 1218 912 fortunis
1234 875 1345 926 quod
1359 873 1576 926 amitteret,

118 945 194 971 nec
239 929 283 970 in
322 928 565 970 verecundia
608 932 713 984 quod
758 928 1003 983 inquinaret,
1043 930 1194 970 habere
1225 930 1437 972 videbatur
1456 950 1464 974 ε
1495 938 1513 956 ²
1533 933 1576 974 in

118 987 281 1030 summa
311 987 541 1043 gregariam
560 986 754 1028 militiam
772 988 950 1038 sortitus,
979 1002 1060 1027 non
1081 987 1218 1028 minus
1247 997 1342 1029 tunc
1372 990 1577 1045 seditiosa,

121 1045 248 1102 quam
279 1043 396 1086 antea
427 1044 535 1099 turpi
565 1045 662 1094 vita,
694 1045 736 1086 in
767 1061 886 1086 omne
916 1045 1074 1086 facinus
1103 1044 1437 1100 promptissimus
1474 1060 1577 1091 erat.

120 1105 240 1145 Nam
258 1113 298 1144 et
328 1119 452 1144 manu
483 1113 684 1155 strenuus,
713 1114 753 1146 et
781 1104 823 1145 in
849 1104 1115 1145 concionibus
1146 1106 1418 1159 perfacundus
1449 1109 1578 1149 habe-

121 1164 257 1204 batur.
318 1162 444 1202 Brevi
480 1162 616 1217 itaque
644 1162 842 1214 centurio,
874 1178 920 1203 ac
950 1162 1144 1216 deinceps
1174 1162 1364 1206 tribunus
1392 1165 1578 1208 militurn

122 1221 255 1262 factus
269 1230 343 1262 est.
390 1220 531 1262 Primo
554 1221 661 1263 bello
681 1226 696 1252 3
709 1222 902 1263 adversus
925 1222 1112 1262 AEtnaeos
1132 1236 1280 1276 magna
1299 1223 1579 1276 experimenta

124 1278 190 1323 sui
211 1279 480 1334 Syracusanis
508 1278 632 1321 dedit.
695 1280 890 1335 Sequenti
925 1279 1250 1332 Campanorum,
1280 1289 1434 1323 tantam
1464 1285 1514 1323 de
1535 1299 1578 1325 se

123 1352 241 1391 spem
261 1336 454 1379 omnibus
474 1337 586 1388 fecit,
605 1347 653 1379 ut
685 1338 730 1379 in
749 1340 888 1379 locum
906 1337 1110 1379 demortui
1143 1342 1157 1363 ⁴
1170 1338 1285 1380 ducis
1306 1340 1580 1383 Damascenis

125 1395 389 1437 sufficeretur.
440 1396 572 1449 Cujus
599 1409 787 1448 uxorem,
815 1396 1017 1437 adulterio
1038 1395 1258 1452 cognitam,
1289 1407 1377 1451 post
1403 1410 1580 1440 mortem

123 1455 203 1496 viri
226 1454 268 1494 in
290 1452 602 1494 matrimonium
632 1455 802 1509 recepit.
871 1455 966 1496 Nec
998 1464 1208 1496 contentus
1244 1457 1354 1511 quod
1375 1472 1427 1497 ex
1456 1459 1580 1513 inope

124 1520 291 1566 repente
311 1511 426 1553 dives
445 1513 578 1553 factus
596 1521 716 1565 esset,
741 1512 956 1567 piraticam
977 1513 1170 1554 adversus
1189 1515 1363 1566 patriam
1383 1516 1581 1558 exercuit.

129 1571 258 1620 Saluti
273 1570 312 1611 ei
331 1571 424 1622 fuit,
444 1571 555 1626 quod
575 1571 675 1612 socii
694 1571 804 1625 capti
823 1572 998 1626 tortique
1020 1573 1068 1611 de
1089 1571 1163 1611 illo
1192 1583 1456 1628 negaverunt.
1506 1575 1583 1616 Bis

127 1643 330 1682 occupare
359 1628 582 1683 imperium
614 1629 911 1686 Syracusarum
931 1628 1087 1671 voluit:
1122 1629 1184 1670 bis
1205 1631 1250 1671 in
1266 1631 1440 1681 exilium
1468 1643 1582 1676 actus

127 1696 202 1729 est.
1104 1698 1108 1704 “

189 1745 322 1787 CAP.
337 1745 396 1786 ΙΙ.
419 1746 434 1772 ⁵
450 1746 491 1804 A
505 1745 801 1800 Murgantinis,
816 1747 923 1799 apud
945 1761 1051 1802 quos
1066 1747 1276 1798 exulabat,
1292 1725 1387 1789 odio
1404 1748 1579 1805 Syracu·
1595 1767 1789 1811 opeAn-ffln-

129 1803 338 1856 sanorum,
352 1803 487 1858 Primo
503 1812 665 1858 Praetor,
678 1820 777 1846 mox
788 1806 805 1830 ⁶
817 1806 902 1846 dux
915 1814 1088 1846 creatur.
1121 1804 1172 1846 In
1187 1821 1236 1848 eo
1255 1807 1367 1849 bello
1381 1816 1423 1850 et
1435 1809 1580 1851 urbem
1589 1812 1789 1898 xrtfiyfflwsss

1367 1869 1372 1873 ’
1615 1867 1628 1886 0
1642 1867 1651 1887 1
1666 1866 1712 1886 ur*-

667 1920 1051 1953 INTERPRETATIO.

173 1987 190 2010 ²
208 1990 338 2031 Denique
347 1991 450 2031 factus
468 1990 622 2032 gregarius
643 1991 734 2027 miles,
749 1998 775 2021 et
788 1993 885 2021 ducens
912 1992 1006 2021 vitam
1029 2003 1081 2021 non
1101 1989 1193 2022 mini‘s
1215 1991 1373 2024 seditiosam
1393 1993 1478 2036 qubnt
1499 1994 1583 2026 ante}

130 2033 278 2074 infamem,
286 2036 490 2075 paratissimus
505 2039 568 2064 erat
581 2035 622 2063 ad
633 2045 708 2064 omne
721 2035 990 2075 scelus-faciendum.

784 2098 956 2129 NOTAE.

177 2158 206 2186 1.
218 2153 425 2197 Agathocles.]'
447 2153 598 2186 Carcinus
612 2154 776 2195 Rheginus
786 2164 840 2196 pa·
871 2186 875 2188 ,
918 2158 948 2185 3.
971 2153 1121 2186 Λᾰνενιῖω·
1135 2155 1282 2198 Εέηιω.]
1323 2157 1421 2189 AEtna
1435 2159 1588 2201 oppidum

131 2197 193 2230 tria
208 2197 292 2234 exul,
312 2197 388 2227 dum
408 2197 557 2228 Thermis
579 2197 690 2228 Sicilire
712 2197 842 2233 habitat,
878 2197 978 2227 monti
994 2198 1172 2238 cognomini
1186 2198 1390 2240 impositum3
1413 2201 1464 2232 alii
1478 2203 1588 2235 AEthi-

130 2251 200 2272 rem
216 2250 289 2271 curn
313 2238 411 2270 aliena
436 2250 531 2271 uxore
553 2240 685 2275 habuit;
708 2240 737 2269 in
761 2251 843 2271 som·
879 2250 973 2276 naeos,
986 2239 1038 2270 alii
1051 2242 1185 2271 Ennaeos
1197 2241 1367 2273 nominant.

132 2283 193 2315 niis
202 2282 408 2322 lanxius,cum
418 2283 608 2324 Delphicum
621 2283 779 2315 oraculum
789 2293 845 2324 per
922 2286 951 2313 4.
968 2284 1057 2313 Ducis
1074 2283 1282 2326 Damascenis]
1314 2287 1430 2317 Damas
1444 2286 1557 2319 dicitur
1569 2287 1588 2320 ἓ.

134 2325 408 2367 Carthaginienses
449 2325 600 2366 quosdam
636 2325 845 2361 consuluisset,
882 2323 1021 2356 Diodoro
1037 2325 1161 2356 illustris
1176 2329 1389 2366 Syracusanus.

134 2368 253 2410 accepit
262 2379 395 2410 puerum
408 2375 438 2398 et
450 2368 561 2398 Siciliae
569 2375 601 2399 et
609 2367 846 2409 Carthaginien·
924 2371 952 2398 5.
969 2369 999 2397 A
1018 2369 1247 2411 „Murcfantinisfl
1269 2370 1379 2402 Sicilie-e
1400 2372 1534 2414 populis,
1548 2372 1587 2404 de

137 2411 221 2443 sibus
231 2411 326 2441 exitio
338 2411 416 2448 fore,
432 2421 525 2452 quare
538 2421 671 2451 puerum
684 2411 844 2452 exposuit:
882 2410 994 2451 quibus
1009 2411 1051 2440 nil
1066 2411 1159 2442 hibe-t
1173 2411 1342 2444 Diodorus.

137 2454 190 2486 sed
201 2454 219 2484 ὲ
229 2462 329 2484 matre
337 2453 415 2484 clam
426 2461 584 2495 surreptus
595 2453 692 2484 infans
702 2454 848 2483 educatus
925 2458 954 2484 6.
969 2454 1042 2483 Dux
1057 2453 1193 2496 creatum]
1222 2454 1379 2486 Deficiens
1394 2455 1411 2487 a
1427 2457 1589 2490 Sosistrato

138 2505 195 2536 est,
211 2504 243 2527 et
257 2495 275 2527 ὲ
291 2504 378 2538 patre
394 2496 501 2527 multis
522 2496 608 2527 annis
630 2496 700 2538 post
716 2496 847 2538 agnitus.
884 2496 974 2532 duce,
1003 2496 1056 2536 qui
1087 2496 1276 2528 Crotoniatis
1303 2499 1452 2530 auxilium
1482 2508 1591 2532 contra

136 2541 292 2572 Diodorus.
887 2539 1008 2569 Brutios
1024 2538 1150 2578 tulerat,
1164 2539 1229 2580 ipse
1243 2540 1384 2583 profugit
1404 2543 1592 2581 Tarentum,

182 2586 212 2614 2.
233 2583 327 2612 Patre
329 2580 447 2624 figula]
473 2582 555 2613 Cum
569 2580 736 2612 Timoleon
759 2580 848 2611 victis
886 2581 949 2616 ubi,
961 2580 1098 2611 collectis
1111 2581 1256 2612 omnibus
1276 2592 1332 2624 per
1348 2583 1468 2615 Italiam
1483 2586 1593 2626 profu.

137 2623 446 2666 Carthaginiensibus
456 2623 582 2655 civitate
594 2622 782 2664 Syracusana
793 2624 849 2654 do·
883 2623 940 2665 gis,
953 2625 1116 2664 Syracusas
1124 2624 1277 2666 ingressus
1287 2625 1491 2659 nobilissimos
1501 2639 1591 2669 quos-

139 2667 240 2698 nisset
253 2665 417 2708 plurimos,
429 2666 577 2699 Carcinus
587 2677 660 2698 cum
669 2665 849 2708 Agathocle
885 2676 946 2706 que
960 2665 1083 2702 occidit,
1099 2666 1211 2698 urbem
1224 2667 1364 2709 diripuit,
1385 2677 1417 2700 et
1437 2671 1592 2715 principa-

141 2709 207 2740 filio
219 2719 288 2740 eam
297 2709 444 2748 obtinuit,
465 2719 570 2751 quam,
583 2719 655 2740 cum
669 2718 787 2752 pauper
802 2719 848 2740 es·
886 2716 955 2740 tum
969 2708 1028 2740 sibi
1042 2709 1222 2742 vindicavit.
1245 2711 1320 2744 Haec
1333 2713 1486 2746 Diodorus.

145 2759 202 2790 set,
216 2752 323 2784 docuit
337 2759 436 2783 artem
453 2751 594 2784 fictilem.

905 2803 928 2837 ὃ
