1903 3076
588 191 703 234 LIB.
734 189 821 233 XI.
875 191 1007 234 CAP.
1038 193 1149 236 VII.
1722 204 1798 243 101

141 275 326 331 emplum
343 276 550 325 humatos,
580 272 727 315 statuis
746 273 1001 329 equestribus
1023 274 1203 324 donavit,
1234 275 1497 332 cognatisque
1519 291 1586 317 eo-

139 350 233 377 rum
269 330 545 374 immunitates
575 331 699 374 dedit.
760 332 855 374 Post
875 332 1087 374 victoriam
1111 336 1124 352 ¹
1138 332 1268 387 major
1289 348 1380 387 pars
1402 333 1518 375 Asiae
1538 336 1589 375 ad

139 408 236 435 eum
257 389 420 432 defecit.
471 388 612 431 Gessit
632 399 673 432 et
694 391 811 444 plura
831 391 938 432 bella
959 406 1055 432 cum
1077 391 1304 444 ²praefeetis
1326 392 1462 444 Darii,
1481 407 1587 448 quos

137 452 223 506 jam
244 464 324 491 non
347 459 428 489 tam
449 449 589 500 armis,
609 449 735 504 quam
757 458 906 490 terrore
927 447 1103 490 nominis
1126 448 1187 489 sui
1208 449 1323 490 vicit.

199 507 330 549 CAP.
353 506 462 547 VII.
497 507 605 547 Cum
642 509 728 548 haec
764 518 951 563 aguntur,
985 506 1151 547 interim
1181 507 1333 548 indicio
1354 506 1505 562 captivi
1537 508 1587 548 ad
1602 522 1736 553 Gordium
1751 533 1797 551 ηρ.

138 580 234 608 eum
273 565 469 616 defertur,
499 563 665 607 insidias
705 565 741 606 ei
783 574 798 598 ³
818 567 868 606 ab
921 566 1161 606 Alexandro
1196 564 1404 620 Lyncista‚
1439 581 1589 621 genero
1599 564 1776 617 dum-callide*

136 623 368 678 Antipatri,
399 623 468 679 qui
489 623 732 678 praepositus
762 623 1020 665 Macedoniae
1041 632 1141 671 erat,
1170 623 1318 677 parari.
1379 624 1446 664 Ob
1467 610 1697 679 quam‘d'm‘·

137 696 305 724 causam
325 680 487 733 timens,
517 697 567 722 ne
588 681 680 738 quis
701 681 912 722 interfecto
934 697 982 723 eo
1012 681 1055 724 in
1082 681 1331 722 Macedonia
1352 690 1488 723 motus
1509 681 1592 723 ori-

137 750 262 793 retur,
292 739 334 780 in
353 739 531 781 vinculis
552 755 648 781 eum
668 739 824 782 habuit.
885 740 979 781 Post
1000 741 1087 781 haec
1105 739 1332 782 ⁴Gordium
1352 742 1497 782 urbem
1519 755 1592 794 pe-

138 798 204 850 tit,
223 813 315 854 quae
337 798 469 852 posita
488 806 546 839 est
567 798 672 839 inter
690 797 919 854 Phrygiam
940 799 1139 852 majorem
1160 807 1198 839 et
1219 798 1440 840 minorem:
1474 798 1592 853 cujus

138 857 256 899 urbis
277 857 484 911 potiundae
505 871 586 898 non
606 865 689 898 tam
708 865 874 910 propter
896 858 1076 909 praedam
1096 855 1246 910 cupido
1266 872 1362 898 eum
1374 856 1498 911 cepit,
1520 858 1594 897 sed

138 916 252 971 quod
267 915 444 956 audierat
462 914 505 955 in
523 915 570 956 ea
586 917 703 966 urbe,
723 915 766 955 in
780 915 936 968 templo
952 914 1081 974 Jpvis,
1094 914 1244 970 jugum
1258 915 1427 968 plaustri
1440 914 1592 956 Gordii

138 974 338 1029 positum;
351 973 469 1028 cujus
483 988 635 1014 nexum
648 973 680 1014 si
691 972 784 1029 quis
797 972 1103 1023 solvisset‚eum
1114 971 1304 1014 totaAsia
1313 983 1593 1029 regnaturum,

108 1032 308 1088 oantiqua
329 1032 496 1072 oracula
517 1032 724 1073 cecinisse.
785 1031 922 1086 Hujus
945 1031 1004 1071 rei
1034 1045 1155 1072 causa
1184 1039 1224 1071 et
1253 1030 1370 1086 origo
1407 1031 1480 1072 illa
1497 1030 1592 1071 fuit.

139 1090 327 1133 Gordius
350 1090 446 1131 cum
468 1090 511 1130 in
532 1090 595 1131 his
628 1089 866 1145 regionibus
895 1090 1029 1130 bubus
1059 1088 1267 1130 conductiS
1295 1097 1441 1141 araret,
1471 1096 1595 1129 aaves

140 1164 238 1191 eum
258 1148 391 1189 omnis
413 1147 572 1203 generis
591 1147 886 1189 circumvolare
907 1147 1134 1202 coeperunt.
1193 1147 1406 1189 Profectus
1425 1148 1474 1187 acl
1497 1161 1595 1187 con-

139 1209 330 1250 sulendos
347 1220 521 1261 augures
539 1206 687 1248 vicinae
706 1207 836 1258 urbis,
856 1206 1024 1248 obviam
1041 1205 1082 1246 in
1100 1206 1215 1259 porta
1232 1205 1375 1246 habuit
1390 1205 1598 1260 virginem

140 1265 305 1308 eximiae
325 1264 664 1318 pulchritudinis:
687 1273 943 1318 percontatus
965 1279 1069 1315 earn,
1094 1278 1218 1319 quern
1236 1263 1501 1318 potissimum
1523 1277 1596 1303 au-

143 1339 291 1381 gurem
311 1322 551 1364 consuleret:
575 1322 667 1374 illa,
697 1322 836 1364 audita
859 1322 978 1364 causa
1000 1321 1254 1373 consulendi,
1285 1336 1410 1378 gnara
1429 1321 1525 1362 artis
1545 1334 1597 1360 ex

141 1382 359 1436 disciplina
381 1389 612 1435 parentum,
640 1397 794 1435 regnum
813 1380 851 1422 ei
873 1380 1070 1438 portendi,
1089 1379 1324 1434 respondit:
1357 1379 1596 1434 pollicetur-

143 1456 223 1498 que
245 1455 286 1482 se
307 1449 346 1481 et
367 1439 637 1491 matrimonii,
666 1449 705 1480 et
727 1440 815 1493 spei
834 1439 1006 1481 sociam.
1045 1456 1048 1457 ⁷
1066 1438 1176 1480 Tam
1200 1439 1372 1492 pulchra
1401 1434 1597 1488 conditio,

142 1498 279 1554 prima
308 1496 424 1553 regui
445 1497 620 1539 felicitas
648 1497 877 1539 videbatur.
937 1498 1034 1539 Post
1063 1496 1241 1551 nuptias,
1275 1496 1380 1538 inter
1410 1496 1599 1550 Phrygas

98 1600 110 1612 Ι,
142 1567 231 1599 orta
252 1555 401 1598 seditio
420 1566 494 1598 est.
528 1556 847 1597 Consulentibus
868 1558 918 1596 de
936 1556 1015 1596 fine
1034 1554 1331 1596 discordiarum
1351 1555 1516 1595 oracula
1535 1567 1600 1593 re-

143 1617 405 1670 sponderunt,
439 1630 562 1669 regem
581 1614 781 1655 discordiis
810 1625 900 1670 opus
928 1629 1014 1655 esse.
1075 1613 1225 1654 Iterato
1245 1611 1519 1668 quaerentibus
1548 1613 1599 1652 de

145 1688 318 1728 persona
345 1672 503 1728 'regia
530 1673 726 1727 jubentur
747 1687 842 1713 eum
862 1687 1003 1728 regem
1032 1672 1263 1722 observare,
1292 1685 1429 1725 quem>
1446 1668 1599 1710 reversi

144 1731 330 1786 primum
351 1729 395 1772 in
413 1733 617 1785 templum
635 1730 748 1772 Jovis
767 1738 933 1771 euntem
954 1731 1132 1783 plaustro
1152 1728 1409 1783 reperissent.
1439 1727 1602 1768 Obvius

145 1788 233 1830 illis
247 1788 435 1831 Gordius
447 1789 542 1840 fuit,
562 1788 782 1844 statimque
799 1804 893 1829 eum
906 1803 1043 1844 regem
1061 1789 1334 1828 consalutant.
1366 1787 1441 1826 Ille
1462 1786 1600 1839 ⁵plau-

147 1855 292 1900 strum,
321 1863 404 1903 quo
434 1846 599 1889 vehenti
628 1848 1013 1901 regnumdelatum
1041 1846 1190 1896 fuerat,
1227 1846 1269 1884 in
1300 1845 1454 1897 templo
1486 1842 1600 1884 Jovis

146 1905 342 1960 positum,
372 1904 574 1960 majestati
594 1905 717 1961 regiae
737 1904 1007 1946 consecravit.
1067 1904 1164 1946 Post
1192 1905 1301 1944 hunc
1320 1902 1451 1955 ⁶fflius
1484 1900 1602 1944 Mida
1744 1899 1775 1911 ⁴

680 1995 1063 2028 INTERPRETATlo.
1090 1984 1095 1987 ”

428 2049 446 2070 ²
475 2051 608 2083 Volucres
624 2050 712 2081 omnis
723 2051 835 2090 generis
851 2049 990 2091 caepSrunt
1005 2052 1080 2080 circa
1094 2051 1174 2080 illum
1189 2050 1295 2082 volare.

427 2094 446 2121 b
470 2094 518 2126 De
532 2096 592 2136 ipsa
608 2105 672 2136 rege
686 2092 749 2124 scil.
762 2105 840 2135 quem
856 2094 986 2124 habituri
1000 2095 1056 2124 sint
1071 2105 1161 2135 regma
1172 2092 1189 2124 ε’
1243 2103 1247 2105 ·

789 2159 968 2192 NOTAE.

198 2227 224 2257 1.
239 2226 347 2269 Major
355 2232 428 2267 pem
444 2226 549 2269 Asiam]
573 2226 704 2263 Sardeis,
715 2226 860 2264 Tralleis,
878 2233 884 2279 ι
902 2226 1025 2268 insuper
1049 2224 1165 2257 talenta
1186 2223 1349 2266 promisit:
1372 2221 1426 2254 sed
1440 2221 1610 2259 Asisemes,

150 2268 322 2309 Ephesum,
332 2269 541 2312 Magnesiam,
554 2269 689 2311 aliasque
705 2269 796 2300 urbes
806 2269 859 2300 de-
903 2270 932 2300 in
949 2267 999 2300 via
1016 2269 1032 2300 ἰ·
1049 2269 1254 2299 Parmenione
1269 2266 1520 2307 comprehensuS,
1540 2275 1608 2295 rem

153 2310 271 2343 ditione
287 2311 379 2353 cepit.
660 2326 678 2336 ν
879 2289 884 2359 Ι
903 2319 1003 2342 totam
1016 2310 1170 2352 patefecit.
1199 2309 1356 2340 Diodorus
1371 2308 1457 2339 addit
1471 2307 1608 2338 Alexan-

195 2357 225 2385 2.
239 2355 308 2385 Cum
316 2355 484 2397 presentis]
500 2354 660 2396 Praecipue
670 2364 741 2385 cum
753 2356 859 2385 Mem·
881 2362 884 2393 ι
903 2355 995 2385 drum
1012 2353 1030 2384 εὶ
1045 2362 1146 2384 matre
1167 2353 1256 2384 Darii
1278 2351 1335 2383 hac
1351 2352 1390 2382 de
1404 2361 1438 2381 re
1453 2349 1609 2381 monitum

153 2405 245 2433 none,
265 2406 359 2438 quem
382 2404 452 2438 post
473 2407 544 2428 acre
565 2405 722 2428 certamen
743 2397 861 2438 expulit
881 2395 886 2452 ᾗ
904 2407 960 2439 per
975 2391 1089 2428 literas.

153 2438 272 2470 Mileto
287 2446 318 2470 et
334 2440 562 2477 Halicarnasso:
578 2439 631 2471 ubi
648 2441 862 2471 Macedonum
946 2444 975 2469 4.
1000 2438 1164 2480 Gordium]
1186 2437 1309 2469 Urbem
1323 2446 1445 2479 magnae
1462 2433 1610 2476 Phrygiae

155 2481 326 2519 fortissimi,
347 2490 378 2513 et
394 2482 578 2513 Memnonis
596 2491 627 2512 et
649 2481 802 2523 Ephialtis
816 2484 863 2512 A·
883 2456 887 2503 Ι
904 2480 944 2512 ad
959 2481 1142 2522 Sangarium
1156 2480 1300 2512 fluvium.

155 2522 330 2555 thenienses
341 2523 663 2563 virtute,cecid6runt.
690 2525 763 2555 Haec
779 2516 888 2556 Βιόιί.1
948 2527 978 2556 5.
1001 2523 1192 2566 Plaustrum]
1225 2522 1327 2554 Multi
1344 2522 1457 2564 jugum
1482 2517 1612 2562 plaustri

160 2567 275 2597 Curtius
289 2574 315 2597 et
329 2569 392 2598 alii.
906 2566 1073 2608 legendum
1089 2573 1209 2608 putant.

199 2612 231 2639 3.
245 2609 292 2640 Ab
307 2611 474 2641 Alexandro
487 2608 652 2653 Lyncum]
688 2610 749 2652 Qui
765 2620 864 2652 nuper
949 2613 977 2640 6.
999 2610 1091 2641 Filius
1108 2607 1231 2649 Midas}
1252 2606 1284 2639 Si
1300 2606 1408 2638 Midas
1422 2615 1494 2637 cum
1510 2604 1612 2644 Phry-

157 2649 197 2681 de
213 2650 351 2693 Philippi
373 2660 475 2684 morte
490 2660 657 2694 suspectus,
670 2664 726 2694 per
740 2655 864 2694 Amyn-
887 2684 891 2691 ,
907 2651 999 2692 gibus
1013 2652 1043 2682 in
1067 2652 1176 2682 Asiam
1191 2650 1326 2688 transiit,
1340 2657 1374 2680 ut
1396 2648 1487 2679 multi
1505 2646 1612 2689 perhi-

159 2700 225 2724 tam
247 2692 346 2724 Dario
361 2695 560 2737 significavit,
581 2705 612 2726 se
626 2694 820 2732 Alexandro,
841 2695 865 2725 si
887 2694 993 2734 ibent,
1017 2693 1100 2725 filius
1125 2693 1236 2725 Gordii
1262 2702 1325 2723 esse
1346 2701 1408 2722 non
1428 2691 1546 2731 potuit:
1573 2689 1612 2719 de

160 2734 247 2771 velit,
262 2744 400 2768 mortem
414 2737 592 2775 illaturum3
617 2738 667 2769 cui
682 2737 796 2769 Darius
809 2748 865 2778 per
907 2748 970 2778 quo
985 2736 1162 2767 fabulantur
1177 2738 1290 2777 poem,
1304 2733 1456 2776 quidquid
1470 2731 1612 2763 manibus

163 2778 866 2824 A÷isemen1‚etMacedoniaeregnum,etmiue
885 2751 894 2826 Ι
908 2779 1069 2823 attigisset.
1086 2779 1117 2811 iu
1131 2788 1241 2811 aurum
1253 2787 1437 2810 conversum
1450 2774 1550 2808 fuisse.

1195 2830 1277 2863 HS
