<?xml version="1.0" encoding="UTF-8"?>
<!DOCTYPE html PUBLIC "-//W3C//DTD XHTML 1.0 Transitional//EN"
    "http://www.w3.org/TR/xhtml1/DTD/xhtml1-transitional.dtd">
<html xmlns="http://www.w3.org/1999/xhtml" xml:lang="en" lang="en">
 <head>
  <title>
</title>
<meta http-equiv="Content-Type" content="text/html;charset=utf-8" />
  <meta name='ocr-system' content='tesseract 3.04.00' />
  <meta name='ocr-capabilities' content='ocr_page ocr_carea ocr_par ocr_line ocrx_word'/>
</head>
<body>
  <div class='ocr_page' id='page_1' title='image "./dehistoriisphili00just_0091.png"; bbox 0 0 1903 3076; ppageno 0'>
   <div class='ocr_carea' id='block_1_1' title="bbox 608 197 1792 249">
    <p class='ocr_par' dir='ltr' id='par_1_1' title="bbox 608 197 1792 249">
     <span class='ocr_line' id='line_1_1' title="bbox 608 197 1792 249; baseline 0.008 -9"><span class='ocrx_word' id='word_1_1' title='bbox 608 197 720 240; x_wconf 86' lang='lat' dir='ltr'>LIB.</span> <span class='ocrx_word' id='word_1_2' title='bbox 740 197 827 240; x_wconf 80' lang='lat' dir='ltr'>VI.</span> <span class='ocrx_word' id='word_1_3' title='bbox 862 198 992 242; x_wconf 88' lang='lat' dir='ltr'>CAP.</span> <span class='ocrx_word' id='word_1_4' title='bbox 1015 199 1102 243; x_wconf 86' lang='lat' dir='ltr'>IV.</span> <span class='ocrx_word' id='word_1_5' title='bbox 1739 213 1792 249; x_wconf 78' lang='lat'>69</span> 
     </span>
    </p>
   </div>
   <div class='ocr_carea' id='block_1_2' title="bbox 72 276 1793 1730">
    <p class='ocr_par' dir='ltr' id='par_1_2' title="bbox 72 276 1793 1730">
     <span class='ocr_line' id='line_1_2' title="bbox 132 276 1574 336; baseline 0.001 -14"><span class='ocrx_word' id='word_1_6' title='bbox 132 279 231 323; x_wconf 71' lang='lat' dir='ltr'>sitas</span> <span class='ocrx_word' id='word_1_7' title='bbox 247 293 344 335; x_wconf 88' lang='lat' dir='ltr'>opes</span> <span class='ocrx_word' id='word_1_8' title='bbox 359 276 604 330; x_wconf 84' lang='lat' dir='ltr'>amitterent,</span> <span class='ocrx_word' id='word_1_9' title='bbox 624 279 748 334; x_wconf 67' lang='lat' dir='ltr'>quarn</span> <span class='ocrx_word' id='word_1_10' title='bbox 764 294 813 320; x_wconf 91' lang='lat' dir='ltr'>ne</span> <span class='ocrx_word' id='word_1_11' title='bbox 831 279 1023 334; x_wconf 88' lang='lat' dir='ltr'>pristinas</span> <span class='ocrx_word' id='word_1_12' title='bbox 1043 279 1318 323; x_wconf 82' lang='lat' dir='ltr'>Athenienses</span> <span class='ocrx_word' id='word_1_13' title='bbox 1337 281 1574 336; x_wconf 83' lang='lat' dir='ltr'><strong>reciperent.</strong></span> 
     </span>
     <span class='ocr_line' id='line_1_3' title="bbox 136 336 1579 394; baseline 0.001 -14"><span class='ocrx_word' id='word_1_14' title='bbox 136 339 216 381; x_wconf 88' lang='lat' dir='ltr'>Sed</span> <span class='ocrx_word' id='word_1_15' title='bbox 237 338 404 394; x_wconf 56' lang='lat' dir='ltr'>²&#39;quanto</span> <span class='ocrx_word' id='word_1_16' title='bbox 424 336 556 390; x_wconf 85' lang='lat' dir='ltr'>majus</span> <span class='ocrx_word' id='word_1_17' title='bbox 587 338 777 390; x_wconf 73' lang='lat' dir='ltr'>praelium</span> <span class='ocrx_word' id='word_1_18' title='bbox 809 339 902 389; x_wconf 82' lang='lat' dir='ltr'>fuit,</span> <span class='ocrx_word' id='word_1_19' title='bbox 932 339 1040 379; x_wconf 72' lang='lat' dir='ltr'>tanto</span> <span class='ocrx_word' id='word_1_20' title='bbox 1071 349 1107 379; x_wconf 86' lang='lat' dir='ltr'>et</span> <span class='ocrx_word' id='word_1_21' title='bbox 1130 339 1276 380; x_wconf 81' lang='lat' dir='ltr'>clarior</span> <span class='ocrx_word' id='word_1_22' title='bbox 1296 340 1464 382; x_wconf 83' lang='lat' dir='ltr'>victoria</span> <span class='ocrx_word' id='word_1_23' title='bbox 1496 342 1579 381; x_wconf 91' lang='lat' dir='ltr'>Co-</span> 
     </span>
     <span class='ocr_line' id='line_1_4' title="bbox 134 393 1577 451; baseline 0.001 -13"><span class='ocrx_word' id='word_1_24' title='bbox 134 396 266 442; x_wconf 82' lang='lat' dir='ltr'><strong>nonis.</strong></span> <span class='ocrx_word' id='word_1_25' title='bbox 322 393 430 434; x_wconf 87' lang='lat' dir='ltr'>Victi</span> <span class='ocrx_word' id='word_1_26' title='bbox 453 394 748 436; x_wconf 69' lang='lat' dir='ltr'>Lacedaemonii</span> <span class='ocrx_word' id='word_1_27' title='bbox 774 397 911 451; x_wconf 85' lang='lat' dir='ltr'>fugam</span> <span class='ocrx_word' id='word_1_28' title='bbox 935 408 1146 450; x_wconf 84' lang='lat' dir='ltr'>capessunt</span> <span class='ocrx_word' id='word_1_29' title='bbox 1166 415 1177 445; x_wconf 88' lang='lat'>;</span> <span class='ocrx_word' id='word_1_30' title='bbox 1199 399 1382 450; x_wconf 82' lang='lat' dir='ltr'>praesidia</span> <span class='ocrx_word' id='word_1_31' title='bbox 1398 398 1577 439; x_wconf 88' lang='lat' dir='ltr'>hostium</span> 
     </span>
     <span class='ocr_line' id='line_1_5' title="bbox 134 453 1577 510; baseline 0.002 -15"><span class='ocrx_word' id='word_1_32' title='bbox 134 453 312 496; x_wconf 82' lang='lat' dir='ltr'>Athenis</span> <span class='ocrx_word' id='word_1_33' title='bbox 332 455 605 493; x_wconf 83' lang='lat' dir='ltr'>deducuntur:</span> <span class='ocrx_word' id='word_1_34' title='bbox 639 456 794 507; x_wconf 87' lang='lat' dir='ltr'>populo</span> <span class='ocrx_word' id='word_1_35' title='bbox 812 455 997 496; x_wconf 65' lang='lat' dir='ltr'>restituta</span> <span class='ocrx_word' id='word_1_36' title='bbox 1013 455 1210 510; x_wconf 78' lang='lat' dir='ltr'>dignitate</span> <span class='ocrx_word' id='word_1_37' title='bbox 1227 455 1403 497; x_wconf 85' lang='lat' dir='ltr'>conditio</span> <span class='ocrx_word' id='word_1_38' title='bbox 1417 456 1577 498; x_wconf 88' lang='lat' dir='ltr'>servilis</span> 
     </span>
     <span class='ocr_line' id='line_1_6' title="bbox 133 510 1172 566; baseline 0.001 -14"><span class='ocrx_word' id='word_1_39' title='bbox 133 510 327 565; x_wconf 76' lang='lat' dir='ltr'>eripitur:</span> <span class='ocrx_word' id='word_1_40' title='bbox 360 513 503 551; x_wconf 77' lang='lat' dir='ltr'>multae</span> <span class='ocrx_word' id='word_1_41' title='bbox 523 527 683 566; x_wconf 74' lang='lat' dir='ltr'>quoque</span> <span class='ocrx_word' id='word_1_42' title='bbox 703 512 890 553; x_wconf 76' lang='lat' dir='ltr'>civitates</span> <span class='ocrx_word' id='word_1_43' title='bbox 909 512 1172 566; x_wconf 84' lang='lat' dir='ltr'>recipiuntur.</span> 
     </span>
     <span class='ocr_line' id='line_1_7' title="bbox 191 568 1793 625; baseline 0.006 -16"><span class='ocrx_word' id='word_1_44' title='bbox 191 568 323 610; x_wconf 89' lang='lat' dir='ltr'>CAP.</span> <span class='ocrx_word' id='word_1_45' title='bbox 345 569 432 610; x_wconf 90' lang='lat' dir='ltr'>IV.</span> <span class='ocrx_word' id='word_1_46' title='bbox 464 570 556 610; x_wconf 85' lang='lat' dir='ltr'>Hoc</span> <span class='ocrx_word' id='word_1_47' title='bbox 574 569 741 610; x_wconf 89' lang='lat' dir='ltr'>initium</span> <span class='ocrx_word' id='word_1_48' title='bbox 765 570 1088 612; x_wconf 78' lang='lat' dir='ltr'>Atheniensibus</span> <span class='ocrx_word' id='word_1_49' title='bbox 1103 572 1352 612; x_wconf 81' lang='lat' dir='ltr'>resumendae</span> <span class='ocrx_word' id='word_1_50' title='bbox 1370 572 1574 625; x_wconf 69' lang='lat' dir='ltr'>potentiae,</span> <span class='ocrx_word' id='word_1_51' title='bbox 1586 586 1793 618; x_wconf 70' lang='lat' dir='ltr'>Lacedaemoni·</span> 
     </span>
     <span class='ocr_line' id='line_1_8' title="bbox 129 626 1776 684; baseline 0.004 -18"><span class='ocrx_word' id='word_1_52' title='bbox 129 635 170 667; x_wconf 84' lang='lat' dir='ltr'>et</span> <span class='ocrx_word' id='word_1_53' title='bbox 185 626 506 669; x_wconf 79' lang='lat' dir='ltr'>Lacedaemoniis</span> <span class='ocrx_word' id='word_1_54' title='bbox 523 628 717 669; x_wconf 82' lang='lat' dir='ltr'>habendae</span> <span class='ocrx_word' id='word_1_55' title='bbox 744 628 834 668; x_wconf 88' lang='lat' dir='ltr'>finis</span> <span class='ocrx_word' id='word_1_56' title='bbox 854 628 945 668; x_wconf 89' lang='lat' dir='ltr'>fuit.</span> <span class='ocrx_word' id='word_1_57' title='bbox 996 629 1192 684; x_wconf 83' lang='lat' dir='ltr'>Namque</span> <span class='ocrx_word' id='word_1_58' title='bbox 1207 630 1317 670; x_wconf 78' lang='lat' dir='ltr'>velut</span> <span class='ocrx_word' id='word_1_59' title='bbox 1331 644 1425 670; x_wconf 86' lang='lat' dir='ltr'>cum</span> <span class='ocrx_word' id='word_1_60' title='bbox 1440 631 1573 684; x_wconf 87' lang='lat' dir='ltr'>impe-</span> <span class='ocrx_word' id='word_1_61' title='bbox 1588 640 1666 681; x_wconf 50' lang='lat' dir='ltr'>osum</span> <span class='ocrx_word' id='word_1_62' title='bbox 1677 637 1776 672; x_wconf 65' lang='lat' dir='ltr'>W‘n·</span> 
     </span>
     <span class='ocr_line' id='line_1_9' title="bbox 128 679 1782 747; baseline 0.003 -22"><span class='ocrx_word' id='word_1_63' title='bbox 128 683 206 737; x_wconf 83' lang='lat' dir='ltr'>rio,</span> <span class='ocrx_word' id='word_1_64' title='bbox 235 684 358 726; x_wconf 86' lang='lat' dir='ltr'>etiam</span> <span class='ocrx_word' id='word_1_65' title='bbox 388 684 586 726; x_wconf 85' lang='lat' dir='ltr'>virtutem</span> <span class='ocrx_word' id='word_1_66' title='bbox 616 686 899 739; x_wconf 81' lang='lat' dir='ltr'>perdidissent,</span> <span class='ocrx_word' id='word_1_67' title='bbox 916 686 1120 727; x_wconf 85' lang='lat' dir='ltr'>contemni</span> <span class='ocrx_word' id='word_1_68' title='bbox 1141 688 1163 728; x_wconf 76' lang='grc' dir='ltr'>ὲ</span> <span class='ocrx_word' id='word_1_69' title='bbox 1184 687 1369 728; x_wconf 88' lang='lat' dir='ltr'>finitimis</span> <span class='ocrx_word' id='word_1_70' title='bbox 1403 679 1782 747; x_wconf 53' lang='lat' dir='ltr'>coepere.{2‘¹,&#39;⁷¹A⁸‘¹e{}{&#39;⁸‘</span> 
     </span>
     <span class='ocr_line' id='line_1_10' title="bbox 129 729 1696 800; baseline 0.003 -16"><span class='ocrx_word' id='word_1_71' title='bbox 129 745 147 763; x_wconf 80' lang='lat'>²</span> <span class='ocrx_word' id='word_1_72' title='bbox 160 743 287 784; x_wconf 87' lang='lat' dir='ltr'>Primi</span> <span class='ocrx_word' id='word_1_73' title='bbox 307 744 434 800; x_wconf 84' lang='lat' dir='ltr'>igitur</span> <span class='ocrx_word' id='word_1_74' title='bbox 455 744 660 794; x_wconf 86' lang='lat' dir='ltr'>Thebani,</span> <span class='ocrx_word' id='word_1_75' title='bbox 678 743 969 785; x_wconf 76' lang='lat' dir='ltr'>auxiliantibus</span> <span class='ocrx_word' id='word_1_76' title='bbox 989 746 1322 795; x_wconf 84' lang='lat' dir='ltr'>Atheniensibus,</span> <span class='ocrx_word' id='word_1_77' title='bbox 1337 746 1494 787; x_wconf 88' lang='lat' dir='ltr'>bellum</span> <span class='ocrx_word' id='word_1_78' title='bbox 1515 747 1578 788; x_wconf 87' lang='lat' dir='ltr'>his</span> <span class='ocrx_word' id='word_1_79' title='bbox 1590 729 1696 789; x_wconf 50' lang='lat' dir='ltr'>hung</span> 
     </span>
     <span class='ocr_line' id='line_1_11' title="bbox 129 799 1580 859; baseline 0.003 -18"><span class='ocrx_word' id='word_1_80' title='bbox 129 799 348 845; x_wconf 53' lang='lat' dir='ltr'>&#39;intulerm</span> <span class='ocrx_word' id='word_1_81' title='bbox 392 817 484 857; x_wconf 88' lang='lat' dir='ltr'>quae</span> <span class='ocrx_word' id='word_1_82' title='bbox 515 801 661 842; x_wconf 82' lang='lat' dir='ltr'>civitas</span> <span class='ocrx_word' id='word_1_83' title='bbox 690 817 742 842; x_wconf 84' lang='lat' dir='ltr'>ex</span> <span class='ocrx_word' id='word_1_84' title='bbox 769 802 919 843; x_wconf 89' lang='lat' dir='ltr'>infimis</span> <span class='ocrx_word' id='word_1_85' title='bbox 939 802 1215 855; x_wconf 86' lang='lat' dir='ltr'>incrementis,</span> <span class='ocrx_word' id='word_1_86' title='bbox 1235 803 1384 845; x_wconf 87' lang='lat' dir='ltr'>virtute</span> <span class='ocrx_word' id='word_1_87' title='bbox 1405 805 1580 859; x_wconf 89' lang='lat' dir='ltr'>Epami-</span> 
     </span>
     <span class='ocr_line' id='line_1_12' title="bbox 129 859 1578 918; baseline 0.001 -16"><span class='ocrx_word' id='word_1_88' title='bbox 129 861 274 903; x_wconf 88' lang='lat' dir='ltr'>nondae</span> <span class='ocrx_word' id='word_1_89' title='bbox 305 859 436 909; x_wconf 88' lang='lat' dir='ltr'>ducis,</span> <span class='ocrx_word' id='word_1_90' title='bbox 467 861 516 900; x_wconf 87' lang='lat' dir='ltr'>ad</span> <span class='ocrx_word' id='word_1_91' title='bbox 538 875 656 914; x_wconf 88' lang='lat' dir='ltr'>spem</span> <span class='ocrx_word' id='word_1_92' title='bbox 685 859 850 913; x_wconf 87' lang='lat' dir='ltr'>imperii</span> <span class='ocrx_word' id='word_1_93' title='bbox 870 860 1046 901; x_wconf 72' lang='lat' dir='ltr'>Graeciae</span> <span class='ocrx_word' id='word_1_94' title='bbox 1068 872 1199 902; x_wconf 82' lang='lat' dir='ltr'>erecta</span> <span class='ocrx_word' id='word_1_95' title='bbox 1221 871 1294 902; x_wconf 88' lang='lat' dir='ltr'>est.</span> <span class='ocrx_word' id='word_1_96' title='bbox 1354 861 1418 903; x_wconf 87' lang='lat' dir='ltr'>Fit</span> <span class='ocrx_word' id='word_1_97' title='bbox 1438 862 1578 918; x_wconf 85' lang='lat' dir='ltr'>itaque</span> 
     </span>
     <span class='ocr_line' id='line_1_13' title="bbox 129 917 1579 978; baseline 0.001 -20"><span class='ocrx_word' id='word_1_98' title='bbox 129 925 315 959; x_wconf 81' lang='lat' dir='ltr'>terrestre</span> <span class='ocrx_word' id='word_1_99' title='bbox 334 917 524 972; x_wconf 85' lang='lat' dir='ltr'>praelium</span> <span class='ocrx_word' id='word_1_100' title='bbox 544 934 551 957; x_wconf 93' lang='lat'>:</span> <span class='ocrx_word' id='word_1_101' title='bbox 586 918 730 958; x_wconf 65' lang='lat' dir='ltr'>eadem</span> <span class='ocrx_word' id='word_1_102' title='bbox 749 918 1152 960; x_wconf 83' lang='lat' dir='ltr'>Lacedaemoniorum</span> <span class='ocrx_word' id='word_1_103' title='bbox 1172 919 1353 971; x_wconf 64' lang='lat' dir='ltr'>fortuna,</span> <span class='ocrx_word' id='word_1_104' title='bbox 1374 921 1453 977; x_wconf 65' lang='lat' dir='ltr'>qua</span> <span class='ocrx_word' id='word_1_105' title='bbox 1469 936 1579 978; x_wconf 72' lang='lat' dir='ltr'>pug-</span> 
     </span>
     <span class='ocr_line' id='line_1_14' title="bbox 131 975 1579 1031; baseline 0.004 -16"><span class='ocrx_word' id='word_1_106' title='bbox 131 984 274 1017; x_wconf 82' lang='lat' dir='ltr'>natum</span> <span class='ocrx_word' id='word_1_107' title='bbox 309 976 504 1017; x_wconf 75' lang='lat' dir='ltr'>adversus</span> <span class='ocrx_word' id='word_1_108' title='bbox 545 975 716 1017; x_wconf 87' lang='lat' dir='ltr'>Conona</span> <span class='ocrx_word' id='word_1_109' title='bbox 753 977 888 1017; x_wconf 84' lang='lat' dir='ltr'>navali</span> <span class='ocrx_word' id='word_1_110' title='bbox 921 977 1066 1031; x_wconf 66' lang='lat' dir='ltr'>praeiio</span> <span class='ocrx_word' id='word_1_111' title='bbox 1101 978 1248 1019; x_wconf 85' lang='lat' dir='ltr'>fuerat.</span> <span class='ocrx_word' id='word_1_112' title='bbox 1309 978 1358 1019; x_wconf 88' lang='lat' dir='ltr'>In</span> <span class='ocrx_word' id='word_1_113' title='bbox 1389 995 1436 1020; x_wconf 89' lang='lat' dir='ltr'>eo</span> <span class='ocrx_word' id='word_1_114' title='bbox 1467 982 1579 1023; x_wconf 87' lang='lat' dir='ltr'>bello</span> 
     </span>
     <span class='ocr_line' id='line_1_15' title="bbox 130 1034 1580 1090; baseline 0.003 -16"><span class='ocrx_word' id='word_1_115' title='bbox 130 1040 146 1066; x_wconf 85' lang='grc'>3</span> <span class='ocrx_word' id='word_1_116' title='bbox 159 1034 385 1090; x_wconf 82' lang='lat' dir='ltr'>Lysander,</span> <span class='ocrx_word' id='word_1_117' title='bbox 420 1050 501 1090; x_wconf 91' lang='lat' dir='ltr'>quo</span> <span class='ocrx_word' id='word_1_118' title='bbox 522 1036 622 1074; x_wconf 88' lang='lat' dir='ltr'>duce</span> <span class='ocrx_word' id='word_1_119' title='bbox 655 1034 925 1075; x_wconf 83' lang='lat' dir='ltr'>Athenienses</span> <span class='ocrx_word' id='word_1_120' title='bbox 953 1035 1050 1075; x_wconf 82' lang='lat' dir='ltr'>victi</span> <span class='ocrx_word' id='word_1_121' title='bbox 1083 1035 1106 1075; x_wconf 75' lang='lat' dir='ltr'>a</span> <span class='ocrx_word' id='word_1_122' title='bbox 1137 1036 1458 1078; x_wconf 86' lang='lat' dir='ltr'>Lacedaemoniis</span> <span class='ocrx_word' id='word_1_123' title='bbox 1488 1039 1580 1079; x_wconf 93' lang='lat' dir='ltr'>fue-</span> 
     </span>
     <span class='ocr_line' id='line_1_16' title="bbox 129 1084 1578 1148; baseline -0.001 -14"><span class='ocrx_word' id='word_1_124' title='bbox 129 1084 235 1146; x_wconf 57' lang='lat' dir='ltr'>raust,</span> <span class='ocrx_word' id='word_1_125' title='bbox 253 1092 504 1134; x_wconf 76' lang='lat' dir='ltr'>interficitur.</span> <span class='ocrx_word' id='word_1_126' title='bbox 565 1093 787 1134; x_wconf 80' lang='lat' dir='ltr'>Pausanias</span> <span class='ocrx_word' id='word_1_127' title='bbox 806 1108 986 1148; x_wconf 88' lang='lat' dir='ltr'>quoque,</span> <span class='ocrx_word' id='word_1_128' title='bbox 1018 1094 1117 1134; x_wconf 83' lang='lat' dir='ltr'>alter</span> <span class='ocrx_word' id='word_1_129' title='bbox 1137 1096 1222 1135; x_wconf 82' lang='lat' dir='ltr'>dux</span> <span class='ocrx_word' id='word_1_130' title='bbox 1241 1094 1578 1137; x_wconf 68' lang='lat' dir='ltr'>Lacedaemonio-</span> 
     </span>
     <span class='ocr_line' id='line_1_17' title="bbox 130 1150 1577 1206; baseline 0.003 -15"><span class='ocrx_word' id='word_1_131' title='bbox 130 1165 239 1201; x_wconf 87' lang='lat' dir='ltr'>rum,</span> <span class='ocrx_word' id='word_1_132' title='bbox 259 1150 517 1204; x_wconf 89' lang='lat' dir='ltr'>⁴proditionis</span> <span class='ocrx_word' id='word_1_133' title='bbox 533 1161 756 1201; x_wconf 83' lang='lat' dir='ltr'>accusatus,</span> <span class='ocrx_word' id='word_1_134' title='bbox 785 1150 827 1190; x_wconf 89' lang='lat' dir='ltr'>in</span> <span class='ocrx_word' id='word_1_135' title='bbox 858 1151 1030 1192; x_wconf 79' lang='lat' dir='ltr'>exilium</span> <span class='ocrx_word' id='word_1_136' title='bbox 1051 1152 1166 1192; x_wconf 79' lang='lat' dir='ltr'>abiit.</span> <span class='ocrx_word' id='word_1_137' title='bbox 1226 1151 1357 1206; x_wconf 86' lang='lat' dir='ltr'>Igitur</span> <span class='ocrx_word' id='word_1_138' title='bbox 1387 1154 1577 1195; x_wconf 90' lang='lat' dir='ltr'>Thebani</span> 
     </span>
     <span class='ocr_line' id='line_1_18' title="bbox 105 1196 1790 1271; baseline 0.002 -21"><span class='ocrx_word' id='word_1_139' title='bbox 105 1248 119 1263; x_wconf 66' lang='grc'>,</span> <span class='ocrx_word' id='word_1_140' title='bbox 129 1208 252 1264; x_wconf 80' lang='lat' dir='ltr'>potiti</span> <span class='ocrx_word' id='word_1_141' title='bbox 273 1208 503 1258; x_wconf 82' lang='lat' dir='ltr'>victoriam,</span> <span class='ocrx_word' id='word_1_142' title='bbox 520 1209 757 1249; x_wconf 82' lang='lat' dir='ltr'>universum</span> <span class='ocrx_word' id='word_1_143' title='bbox 775 1209 998 1250; x_wconf 81' lang='lat' dir='ltr'>exercitum</span> <span class='ocrx_word' id='word_1_144' title='bbox 1015 1212 1064 1250; x_wconf 83' lang='lat' dir='ltr'>ad</span> <span class='ocrx_word' id='word_1_145' title='bbox 1087 1212 1230 1251; x_wconf 86' lang='lat' dir='ltr'>urbem</span> <span class='ocrx_word' id='word_1_146' title='bbox 1245 1211 1575 1254; x_wconf 83' lang='lat' dir='ltr'>Lacedaemonio·</span> <span class='ocrx_word' id='word_1_147' title='bbox 1589 1196 1790 1271; x_wconf 40' lang='lat' dir='ltr'>ssjssg‘ssssffff’·</span> 
     </span>
     <span class='ocr_line' id='line_1_19' title="bbox 129 1262 1790 1323; baseline 0.005 -15"><span class='ocrx_word' id='word_1_148' title='bbox 129 1282 224 1308; x_wconf 88' lang='lat' dir='ltr'>rum</span> <span class='ocrx_word' id='word_1_149' title='bbox 245 1268 410 1316; x_wconf 90' lang='lat' dir='ltr'>ducunt,</span> <span class='ocrx_word' id='word_1_150' title='bbox 432 1267 595 1307; x_wconf 87' lang='lat' dir='ltr'>facilem</span> <span class='ocrx_word' id='word_1_151' title='bbox 617 1268 966 1321; x_wconf 79' lang='lat' dir='ltr'>expugnationem</span> <span class='ocrx_word' id='word_1_152' title='bbox 986 1267 1077 1318; x_wconf 85' lang='lat' dir='ltr'>rati,</span> <span class='ocrx_word' id='word_1_153' title='bbox 1093 1269 1288 1323; x_wconf 84' lang='lat' dir='ltr'>quoniam</span> <span class='ocrx_word' id='word_1_154' title='bbox 1311 1269 1457 1311; x_wconf 75' lang='lat' dir='ltr'>deserti</span> <span class='ocrx_word' id='word_1_155' title='bbox 1473 1271 1495 1310; x_wconf 72' lang='lat' dir='ltr'>a</span> <span class='ocrx_word' id='word_1_156' title='bbox 1512 1286 1574 1312; x_wconf 88' lang='lat' dir='ltr'>so·</span> <span class='ocrx_word' id='word_1_157' title='bbox 1591 1262 1790 1316; x_wconf 44' lang='lat' dir='ltr'>Ur&#39;bcis‘sS.</span> 
     </span>
     <span class='ocr_line' id='line_1_20' title="bbox 130 1325 1788 1382; baseline 0.004 -17"><span class='ocrx_word' id='word_1_158' title='bbox 130 1325 206 1366; x_wconf 87' lang='lat' dir='ltr'>ciis</span> <span class='ocrx_word' id='word_1_159' title='bbox 225 1325 418 1373; x_wconf 84' lang='lat' dir='ltr'>omnibus</span> <span class='ocrx_word' id='word_1_160' title='bbox 433 1335 567 1367; x_wconf 84' lang='lat' dir='ltr'>erant:</span> <span class='ocrx_word' id='word_1_161' title='bbox 593 1328 701 1381; x_wconf 91' lang='lat' dir='ltr'>quod</span> <span class='ocrx_word' id='word_1_162' title='bbox 713 1335 936 1367; x_wconf 84' lang='lat' dir='ltr'>metuentes</span> <span class='ocrx_word' id='word_1_163' title='bbox 957 1326 1273 1378; x_wconf 80' lang='lat' dir='ltr'>Lacedaemonii,</span> <span class='ocrx_word' id='word_1_164' title='bbox 1293 1342 1433 1382; x_wconf 88' lang='lat' dir='ltr'>regem</span> <span class='ocrx_word' id='word_1_165' title='bbox 1455 1344 1579 1371; x_wconf 87' lang='lat' dir='ltr'>suum</span> <span class='ocrx_word' id='word_1_166' title='bbox 1591 1327 1788 1361; x_wconf 56' lang='grc' dir='ltr'><strong>ΑΜΕ-393·</strong></span> 
     </span>
     <span class='ocr_line' id='line_1_21' title="bbox 131 1382 1579 1439; baseline 0.003 -15"><span class='ocrx_word' id='word_1_167' title='bbox 131 1383 381 1439; x_wconf 77' lang='lat' dir='ltr'>Agesiiaum</span> <span class='ocrx_word' id='word_1_168' title='bbox 400 1398 452 1424; x_wconf 84' lang='lat' dir='ltr'>ex</span> <span class='ocrx_word' id='word_1_169' title='bbox 473 1383 590 1435; x_wconf 61' lang='lat' dir='ltr'>Asia,</span> <span class='ocrx_word' id='word_1_170' title='bbox 611 1383 683 1439; x_wconf 89' lang='lat' dir='ltr'>qui</span> <span class='ocrx_word' id='word_1_171' title='bbox 703 1382 764 1423; x_wconf 86' lang='lat' dir='ltr'>ibi</span> <span class='ocrx_word' id='word_1_172' title='bbox 780 1399 948 1439; x_wconf 88' lang='lat' dir='ltr'>magnas</span> <span class='ocrx_word' id='word_1_173' title='bbox 965 1399 1028 1424; x_wconf 89' lang='lat' dir='ltr'>res</span> <span class='ocrx_word' id='word_1_174' title='bbox 1039 1386 1220 1439; x_wconf 85' lang='lat' dir='ltr'>gerebat,</span> <span class='ocrx_word' id='word_1_175' title='bbox 1233 1387 1280 1426; x_wconf 92' lang='lat' dir='ltr'>ad</span> <span class='ocrx_word' id='word_1_176' title='bbox 1297 1385 1579 1429; x_wconf 88' lang='lat' dir='ltr'>defensionem</span> 
     </span>
     <span class='ocr_line' id='line_1_22' title="bbox 131 1441 1578 1498; baseline 0 -16"><span class='ocrx_word' id='word_1_177' title='bbox 131 1441 272 1498; x_wconf 85' lang='lat' dir='ltr'>patriae</span> <span class='ocrx_word' id='word_1_178' title='bbox 289 1450 507 1483; x_wconf 86' lang='lat' dir='ltr'>arcessunt.</span> <span class='ocrx_word' id='word_1_179' title='bbox 558 1442 735 1484; x_wconf 77' lang='lat' dir='ltr'>³Occiso</span> <span class='ocrx_word' id='word_1_180' title='bbox 754 1441 865 1482; x_wconf 89' lang='lat' dir='ltr'>enim</span> <span class='ocrx_word' id='word_1_181' title='bbox 882 1443 1109 1496; x_wconf 78' lang='lat' dir='ltr'>Lysandro,</span> <span class='ocrx_word' id='word_1_182' title='bbox 1125 1442 1277 1484; x_wconf 88' lang='lat' dir='ltr'>nullius</span> <span class='ocrx_word' id='word_1_183' title='bbox 1291 1443 1456 1485; x_wconf 83' lang='lat' dir='ltr'>alterius</span> <span class='ocrx_word' id='word_1_184' title='bbox 1473 1445 1578 1486; x_wconf 74' lang='lat' dir='ltr'>fidu-</span> 
     </span>
     <span class='ocr_line' id='line_1_23' title="bbox 131 1499 1577 1556; baseline 0 -16"><span class='ocrx_word' id='word_1_185' title='bbox 131 1499 238 1541; x_wconf 88' lang='lat' dir='ltr'>ciam</span> <span class='ocrx_word' id='word_1_186' title='bbox 258 1499 373 1541; x_wconf 84' lang='lat' dir='ltr'>ducis</span> <span class='ocrx_word' id='word_1_187' title='bbox 392 1501 610 1540; x_wconf 80' lang='lat' dir='ltr'>habebant.</span> <span class='ocrx_word' id='word_1_188' title='bbox 659 1500 791 1553; x_wconf 90' lang='lat' dir='ltr'>Cujus</span> <span class='ocrx_word' id='word_1_189' title='bbox 811 1501 1003 1556; x_wconf 85' lang='lat' dir='ltr'>quoniam</span> <span class='ocrx_word' id='word_1_190' title='bbox 1018 1516 1128 1541; x_wconf 84' lang='lat' dir='ltr'>serus</span> <span class='ocrx_word' id='word_1_191' title='bbox 1143 1503 1338 1541; x_wconf 90' lang='lat' dir='ltr'>adventus</span> <span class='ocrx_word' id='word_1_192' title='bbox 1360 1511 1459 1554; x_wconf 79' lang='lat' dir='ltr'>erat,</span> <span class='ocrx_word' id='word_1_193' title='bbox 1479 1518 1577 1543; x_wconf 86' lang='lat' dir='ltr'>con-</span> 
     </span>
     <span class='ocr_line' id='line_1_24' title="bbox 129 1557 1578 1612; baseline 0.002 -13"><span class='ocrx_word' id='word_1_194' title='bbox 129 1557 282 1611; x_wconf 84' lang='lat' dir='ltr'>scripto</span> <span class='ocrx_word' id='word_1_195' title='bbox 302 1557 497 1609; x_wconf 81' lang='lat' dir='ltr'>exercitu,</span> <span class='ocrx_word' id='word_1_196' title='bbox 518 1558 685 1603; x_wconf 86' lang='lat' dir='ltr'>obviam</span> <span class='ocrx_word' id='word_1_197' title='bbox 696 1558 803 1598; x_wconf 85' lang='lat' dir='ltr'>hosti</span> <span class='ocrx_word' id='word_1_198' title='bbox 826 1560 1065 1612; x_wconf 87' lang='lat' dir='ltr'>procedunt.</span> <span class='ocrx_word' id='word_1_199' title='bbox 1127 1559 1203 1600; x_wconf 92' lang='lat' dir='ltr'>Sed</span> <span class='ocrx_word' id='word_1_200' title='bbox 1224 1558 1358 1610; x_wconf 84' lang='lat' dir='ltr'>victis,</span> <span class='ocrx_word' id='word_1_201' title='bbox 1380 1561 1578 1602; x_wconf 54' lang='lat' dir='ltr'>adversus</span> 
     </span>
     <span class='ocr_line' id='line_1_25' title="bbox 131 1615 1575 1671; baseline 0.001 -14"><span class='ocrx_word' id='word_1_202' title='bbox 131 1617 255 1670; x_wconf 76' lang='lat' dir='ltr'>paulo</span> <span class='ocrx_word' id='word_1_203' title='bbox 274 1627 364 1657; x_wconf 85' lang='lat' dir='ltr'>ante</span> <span class='ocrx_word' id='word_1_204' title='bbox 379 1615 573 1665; x_wconf 82' lang='lat' dir='ltr'>victores,</span> <span class='ocrx_word' id='word_1_205' title='bbox 589 1633 662 1658; x_wconf 89' lang='lat' dir='ltr'>nec</span> <span class='ocrx_word' id='word_1_206' title='bbox 677 1616 855 1668; x_wconf 86' lang='lat' dir='ltr'>animus,</span> <span class='ocrx_word' id='word_1_207' title='bbox 866 1631 998 1671; x_wconf 88' lang='lat' dir='ltr'>neque</span> <span class='ocrx_word' id='word_1_208' title='bbox 1011 1617 1117 1656; x_wconf 86' lang='lat' dir='ltr'>vires</span> <span class='ocrx_word' id='word_1_209' title='bbox 1134 1632 1250 1670; x_wconf 86' lang='lat' dir='ltr'>pares</span> <span class='ocrx_word' id='word_1_210' title='bbox 1267 1617 1398 1657; x_wconf 70' lang='lat' dir='ltr'>fuere.</span> <span class='ocrx_word' id='word_1_211' title='bbox 1435 1618 1575 1659; x_wconf 61' lang='lat' dir='ltr'>Prima</span> 
     </span>
     <span class='ocr_line' id='line_1_26' title="bbox 72 1674 1576 1730; baseline -0.001 -15"><span class='ocrx_word' id='word_1_212' title='bbox 72 1710 75 1715; x_wconf 76' lang='grc'><strong><em>,</em></strong></span> <span class='ocrx_word' id='word_1_213' title='bbox 131 1675 261 1730; x_wconf 87' lang='lat' dir='ltr'>igitur</span> <span class='ocrx_word' id='word_1_214' title='bbox 279 1674 562 1730; x_wconf 87' lang='lat' dir='ltr'>congressione</span> <span class='ocrx_word' id='word_1_215' title='bbox 584 1675 837 1716; x_wconf 83' lang='lat' dir='ltr'>⁵funduntur.</span> <span class='ocrx_word' id='word_1_216' title='bbox 898 1674 1062 1715; x_wconf 89' lang='lat' dir='ltr'>Deletis</span> <span class='ocrx_word' id='word_1_217' title='bbox 1079 1675 1165 1728; x_wconf 88' lang='lat' dir='ltr'>jam</span> <span class='ocrx_word' id='word_1_218' title='bbox 1183 1690 1349 1715; x_wconf 88' lang='lat' dir='ltr'>suorum</span> <span class='ocrx_word' id='word_1_219' title='bbox 1363 1676 1493 1729; x_wconf 89' lang='lat' dir='ltr'>copiis</span> <span class='ocrx_word' id='word_1_220' title='bbox 1506 1693 1576 1718; x_wconf 84' lang='lat' dir='ltr'>su-</span> 
     </span>
    </p>
   </div>
   <div class='ocr_carea' id='block_1_3' title="bbox 130 1733 1576 1791">
    <p class='ocr_par' dir='ltr' id='par_1_3' title="bbox 130 1733 1576 1791">
     <span class='ocr_line' id='line_1_27' title="bbox 130 1733 1576 1791; baseline 0.002 -16"><span class='ocrx_word' id='word_1_221' title='bbox 130 1733 318 1791; x_wconf 82' lang='lat' dir='ltr'>pervenit</span> <span class='ocrx_word' id='word_1_222' title='bbox 353 1748 428 1774; x_wconf 85' lang='lat' dir='ltr'>rex</span> <span class='ocrx_word' id='word_1_223' title='bbox 457 1733 697 1790; x_wconf 82' lang='lat' dir='ltr'>Agesilaus,</span> <span class='ocrx_word' id='word_1_224' title='bbox 726 1734 799 1789; x_wconf 89' lang='lat' dir='ltr'>qui</span> <span class='ocrx_word' id='word_1_225' title='bbox 828 1733 1012 1774; x_wconf 80' lang='lat' dir='ltr'>restituto</span> <span class='ocrx_word' id='word_1_226' title='bbox 1046 1733 1203 1787; x_wconf 73' lang='lat' dir='ltr'>praelio,</span> <span class='ocrx_word' id='word_1_227' title='bbox 1234 1748 1315 1774; x_wconf 84' lang='lat' dir='ltr'>non</span> <span class='ocrx_word' id='word_1_228' title='bbox 1345 1733 1576 1790; x_wconf 80' lang='lat' dir='ltr'>difficulter,</span> 
     </span>
    </p>
   </div>
   <div class='ocr_carea' id='block_1_4' title="bbox 668 1849 1048 1882">
    <p class='ocr_par' dir='ltr' id='par_1_4' title="bbox 668 1849 1048 1882">
     <span class='ocr_line' id='line_1_28' title="bbox 668 1849 1048 1882; baseline -0.003 -1"><span class='ocrx_word' id='word_1_229' title='bbox 668 1849 1048 1882; x_wconf 81' lang='lat' dir='ltr'>INTERPRETATIO.</span> 
     </span>
    </p>
   </div>
   <div class='ocr_carea' id='block_1_5' title="bbox 197 1949 1520 1996">
    <p class='ocr_par' dir='ltr' id='par_1_5' title="bbox 197 1949 1520 1996">
     <span class='ocr_line' id='line_1_29' title="bbox 197 1949 1520 1996; baseline -0.002 -10"><span class='ocrx_word' id='word_1_230' title='bbox 197 1952 214 1975; x_wconf 74' lang='lat'>³</span> <span class='ocrx_word' id='word_1_231' title='bbox 230 1953 314 1986; x_wconf 74' lang='lat' dir='ltr'>Nan</span> <span class='ocrx_word' id='word_1_232' title='bbox 328 1953 475 1996; x_wconf 45' lang='lat' dir='ltr'>interfecto</span> <span class='ocrx_word' id='word_1_233' title='bbox 489 1952 650 1994; x_wconf 76' lang='lat' dir='ltr'>Lysandro,</span> <span class='ocrx_word' id='word_1_234' title='bbox 664 1952 693 1983; x_wconf 77' lang='lat' dir='ltr'>1‘n</span> <span class='ocrx_word' id='word_1_235' title='bbox 707 1952 782 1983; x_wconf 76' lang='lat' dir='ltr'>nullo</span> <span class='ocrx_word' id='word_1_236' title='bbox 796 1952 852 1982; x_wconf 79' lang='lat' dir='ltr'>alia</span> <span class='ocrx_word' id='word_1_237' title='bbox 866 1953 930 1982; x_wconf 82' lang='lat' dir='ltr'>duce</span> <span class='ocrx_word' id='word_1_238' title='bbox 944 1953 1033 1993; x_wconf 79' lang='lat' dir='ltr'>magis</span> <span class='ocrx_word' id='word_1_239' title='bbox 1051 1949 1133 1993; x_wconf 51' lang='lat' dir='ltr'>quam</span> <span class='ocrx_word' id='word_1_240' title='bbox 1148 1952 1177 1982; x_wconf 74' lang='lat' dir='ltr'>in</span> <span class='ocrx_word' id='word_1_241' title='bbox 1192 1951 1328 1994; x_wconf 78' lang='lat' dir='ltr'>Agesilao</span> <span class='ocrx_word' id='word_1_242' title='bbox 1343 1951 1520 1994; x_wconf 70' lang='lat' dir='ltr'>corfidebant·</span> 
     </span>
    </p>
   </div>
   <div class='ocr_carea' id='block_1_6' title="bbox 758 2069 946 2101">
    <p class='ocr_par' dir='ltr' id='par_1_6' title="bbox 758 2069 946 2101">
     <span class='ocr_line' id='line_1_30' title="bbox 758 2069 946 2101; baseline 0.005 -1"><span class='ocrx_word' id='word_1_243' title='bbox 758 2069 946 2101; x_wconf 82' lang='lat' dir='ltr'><strong><em>NOTAE.</em></strong></span> 
     </span>
    </p>
   </div>
   <div class='ocr_carea' id='block_1_7' title="bbox 131 2145 1609 2750">
    <p class='ocr_par' dir='ltr' id='par_1_7' title="bbox 131 2145 1577 2444">
     <span class='ocr_line' id='line_1_31' title="bbox 184 2145 1575 2192; baseline -0.003 -11"><span class='ocrx_word' id='word_1_244' title='bbox 184 2155 210 2186; x_wconf 80' lang='grc'>1.</span> <span class='ocrx_word' id='word_1_245' title='bbox 237 2151 349 2191; x_wconf 69' lang='lat' dir='ltr'>Quanto</span> <span class='ocrx_word' id='word_1_246' title='bbox 362 2147 479 2192; x_wconf 60' lang='lat' dir='ltr'>majus]</span> <span class='ocrx_word' id='word_1_247' title='bbox 509 2147 592 2180; x_wconf 62' lang='lat' dir='ltr'>cam</span> <span class='ocrx_word' id='word_1_248' title='bbox 608 2147 691 2178; x_wconf 86' lang='lat' dir='ltr'>haud</span> <span class='ocrx_word' id='word_1_249' title='bbox 708 2146 818 2188; x_wconf 87' lang='lat' dir='ltr'>procul</span> <span class='ocrx_word' id='word_1_250' title='bbox 835 2145 851 2177; x_wconf 71' lang='lat' dir='ltr'>a</span> <span class='ocrx_word' id='word_1_251' title='bbox 867 2145 945 2176; x_wconf 88' lang='lat' dir='ltr'>riam</span> <span class='ocrx_word' id='word_1_252' title='bbox 975 2146 1112 2177; x_wconf 85' lang='lat' dir='ltr'>venienti</span> <span class='ocrx_word' id='word_1_253' title='bbox 1136 2145 1294 2178; x_wconf 81' lang='lat' dir='ltr'>Pausaniae</span> <span class='ocrx_word' id='word_1_254' title='bbox 1314 2145 1510 2188; x_wconf 61' lang='lat' dir='ltr'>praeriperet,</span> <span class='ocrx_word' id='word_1_255' title='bbox 1534 2145 1575 2177; x_wconf 80' lang='lat' dir='ltr'>ab</span> 
     </span>
     <span class='ocr_line' id='line_1_32' title="bbox 133 2188 1446 2234; baseline -0.005 -8"><span class='ocrx_word' id='word_1_256' title='bbox 133 2194 237 2227; x_wconf 87' lang='lat' dir='ltr'>Cnido</span> <span class='ocrx_word' id='word_1_257' title='bbox 245 2201 377 2234; x_wconf 85' lang='lat' dir='ltr'>utraque</span> <span class='ocrx_word' id='word_1_258' title='bbox 387 2190 839 2227; x_wconf 73' lang='lat' dir='ltr'>classisoccurrisset‚Lacedae-</span> <span class='ocrx_word' id='word_1_259' title='bbox 869 2188 1006 2219; x_wconf 86' lang='lat' dir='ltr'>hostibus</span> <span class='ocrx_word' id='word_1_260' title='bbox 1021 2189 1137 2220; x_wconf 82' lang='lat' dir='ltr'>occisus</span> <span class='ocrx_word' id='word_1_261' title='bbox 1151 2198 1207 2221; x_wconf 83' lang='lat' dir='ltr'>est.</span> <span class='ocrx_word' id='word_1_262' title='bbox 1227 2191 1279 2220; x_wconf 82' lang='lat' dir='ltr'>Ita</span> <span class='ocrx_word' id='word_1_263' title='bbox 1293 2191 1446 2220; x_wconf 81' lang='lat' dir='ltr'>Plutarch.</span> 
     </span>
     <span class='ocr_line' id='line_1_33' title="bbox 131 2232 1576 2275; baseline -0.005 -6"><span class='ocrx_word' id='word_1_264' title='bbox 131 2237 310 2269; x_wconf 86' lang='lat' dir='ltr'>moniorum</span> <span class='ocrx_word' id='word_1_265' title='bbox 324 2235 395 2266; x_wconf 82' lang='lat' dir='ltr'>socii</span> <span class='ocrx_word' id='word_1_266' title='bbox 406 2234 506 2265; x_wconf 83' lang='lat' dir='ltr'>territi</span> <span class='ocrx_word' id='word_1_267' title='bbox 519 2233 732 2275; x_wconf 83' lang='lat' dir='ltr'>magnitudine</span> <span class='ocrx_word' id='word_1_268' title='bbox 742 2232 841 2262; x_wconf 80' lang='lat' dir='ltr'>classis</span> <span class='ocrx_word' id='word_1_269' title='bbox 911 2236 940 2262; x_wconf 85' lang='lat'>4.</span> <span class='ocrx_word' id='word_1_270' title='bbox 963 2233 1136 2262; x_wconf 79' lang='lat' dir='ltr'>Proditionis</span> <span class='ocrx_word' id='word_1_271' title='bbox 1151 2233 1317 2272; x_wconf 61' lang='lat' dir='ltr'>accusatus]</span> <span class='ocrx_word' id='word_1_272' title='bbox 1365 2232 1447 2263; x_wconf 65' lang='lat' dir='ltr'>cum</span> <span class='ocrx_word' id='word_1_273' title='bbox 1462 2238 1576 2262; x_wconf 81' lang='lat' dir='ltr'>neutra</span> 
     </span>
     <span class='ocr_line' id='line_1_34' title="bbox 135 2275 1577 2317; baseline -0.005 -5"><span class='ocrx_word' id='word_1_274' title='bbox 135 2279 330 2314; x_wconf 78' lang='lat' dir='ltr'>Pharnabazi</span> <span class='ocrx_word' id='word_1_275' title='bbox 345 2287 377 2309; x_wconf 82' lang='lat' dir='ltr'>et</span> <span class='ocrx_word' id='word_1_276' title='bbox 393 2277 544 2314; x_wconf 80' lang='lat' dir='ltr'>Cononis,</span> <span class='ocrx_word' id='word_1_277' title='bbox 567 2276 716 2317; x_wconf 78' lang='lat' dir='ltr'>sugerunt</span> <span class='ocrx_word' id='word_1_278' title='bbox 730 2286 738 2312; x_wconf 89' lang='grc'><strong>;</strong></span> <span class='ocrx_word' id='word_1_279' title='bbox 756 2275 838 2305; x_wconf 86' lang='lat' dir='ltr'>unde</span> <span class='ocrx_word' id='word_1_280' title='bbox 868 2285 938 2314; x_wconf 83' lang='lat' dir='ltr'>pars</span> <span class='ocrx_word' id='word_1_281' title='bbox 952 2285 1092 2316; x_wconf 83' lang='lat' dir='ltr'>pugnare</span> <span class='ocrx_word' id='word_1_282' title='bbox 1106 2275 1247 2312; x_wconf 81' lang='lat' dir='ltr'>auderet,</span> <span class='ocrx_word' id='word_1_283' title='bbox 1260 2275 1339 2316; x_wconf 82' lang='lat' dir='ltr'>petit</span> <span class='ocrx_word' id='word_1_284' title='bbox 1353 2275 1529 2313; x_wconf 80' lang='lat' dir='ltr'>Pausanias,</span> <span class='ocrx_word' id='word_1_285' title='bbox 1539 2281 1577 2305; x_wconf 88' lang='lat' dir='ltr'>ut</span> 
     </span>
     <span class='ocr_line' id='line_1_35' title="bbox 131 2316 1575 2359; baseline -0.006 -5"><span class='ocrx_word' id='word_1_286' title='bbox 131 2331 236 2354; x_wconf 74' lang='lat' dir='ltr'>secuta</span> <span class='ocrx_word' id='word_1_287' title='bbox 249 2321 361 2357; x_wconf 73' lang='lat' dir='ltr'>clades,</span> <span class='ocrx_word' id='word_1_288' title='bbox 374 2319 522 2352; x_wconf 73' lang='lat' dir='ltr'>pisander</span> <span class='ocrx_word' id='word_1_289' title='bbox 536 2319 663 2354; x_wconf 82' lang='lat' dir='ltr'>occisus,</span> <span class='ocrx_word' id='word_1_290' title='bbox 685 2322 728 2349; x_wconf 88' lang='lat'>50</span> <span class='ocrx_word' id='word_1_291' title='bbox 750 2317 834 2347; x_wconf 71' lang='lat' dir='ltr'>trire-</span> <span class='ocrx_word' id='word_1_292' title='bbox 867 2316 974 2347; x_wconf 83' lang='lat' dir='ltr'>liceret</span> <span class='ocrx_word' id='word_1_293' title='bbox 989 2317 1045 2359; x_wconf 72' lang='lat' dir='ltr'>ipsi</span> <span class='ocrx_word' id='word_1_294' title='bbox 1061 2317 1170 2348; x_wconf 77' lang='lat' dir='ltr'>tollere</span> <span class='ocrx_word' id='word_1_295' title='bbox 1186 2317 1339 2358; x_wconf 80' lang='lat' dir='ltr'>Lysandri</span> <span class='ocrx_word' id='word_1_296' title='bbox 1365 2325 1396 2348; x_wconf 85' lang='lat' dir='ltr'>et</span> <span class='ocrx_word' id='word_1_297' title='bbox 1418 2317 1575 2348; x_wconf 80' lang='lat' dir='ltr'>sociorum</span> 
     </span>
     <span class='ocr_line' id='line_1_36' title="bbox 133 2359 1576 2407; baseline -0.005 -11"><span class='ocrx_word' id='word_1_298' title='bbox 133 2375 202 2396; x_wconf 69' lang='lat' dir='ltr'>mes</span> <span class='ocrx_word' id='word_1_299' title='bbox 214 2372 324 2407; x_wconf 68' lang='lat' dir='ltr'>captae,</span> <span class='ocrx_word' id='word_1_300' title='bbox 347 2363 415 2394; x_wconf 80' lang='lat' dir='ltr'>aliae</span> <span class='ocrx_word' id='word_1_301' title='bbox 429 2362 468 2392; x_wconf 86' lang='lat' dir='ltr'>ad</span> <span class='ocrx_word' id='word_1_302' title='bbox 482 2362 617 2393; x_wconf 86' lang='lat' dir='ltr'>Cnidum</span> <span class='ocrx_word' id='word_1_303' title='bbox 629 2368 837 2403; x_wconf 82' lang='lat' dir='ltr'>pervenerunt</span> <span class='ocrx_word' id='word_1_304' title='bbox 868 2370 1016 2401; x_wconf 82' lang='lat' dir='ltr'>corpora;</span> <span class='ocrx_word' id='word_1_305' title='bbox 1039 2360 1123 2400; x_wconf 90' lang='lat' dir='ltr'>quod</span> <span class='ocrx_word' id='word_1_306' title='bbox 1138 2371 1199 2390; x_wconf 90' lang='lat' dir='ltr'>non</span> <span class='ocrx_word' id='word_1_307' title='bbox 1215 2359 1275 2390; x_wconf 66' lang='lat' dir='ltr'>alta</span> <span class='ocrx_word' id='word_1_308' title='bbox 1301 2359 1478 2391; x_wconf 82' lang='lat' dir='ltr'>conditione</span> <span class='ocrx_word' id='word_1_309' title='bbox 1500 2368 1576 2389; x_wconf 90' lang='lat' dir='ltr'>con-</span> 
     </span>
     <span class='ocr_line' id='line_1_37' title="bbox 133 2400 1575 2444; baseline -0.006 -5"><span class='ocrx_word' id='word_1_310' title='bbox 133 2407 314 2443; x_wconf 85' lang='lat' dir='ltr'>incolumes,</span> <span class='ocrx_word' id='word_1_311' title='bbox 329 2414 363 2437; x_wconf 87' lang='lat' dir='ltr'>ut</span> <span class='ocrx_word' id='word_1_312' title='bbox 377 2405 473 2437; x_wconf 82' lang='lat' dir='ltr'>refert</span> <span class='ocrx_word' id='word_1_313' title='bbox 489 2406 574 2435; x_wconf 76' lang='lat' dir='ltr'>Diod.</span> <span class='ocrx_word' id='word_1_314' title='bbox 867 2412 984 2432; x_wconf 85' lang='lat' dir='ltr'>cessum</span> <span class='ocrx_word' id='word_1_315' title='bbox 999 2410 1056 2438; x_wconf 87' lang='lat' dir='ltr'>est,</span> <span class='ocrx_word' id='word_1_316' title='bbox 1069 2402 1163 2444; x_wconf 66' lang='lat' dir='ltr'>quarn</span> <span class='ocrx_word' id='word_1_317' title='bbox 1179 2410 1214 2433; x_wconf 87' lang='lat' dir='ltr'>ut</span> <span class='ocrx_word' id='word_1_318' title='bbox 1229 2402 1376 2435; x_wconf 76' lang='lat' dir='ltr'>continuo</span> <span class='ocrx_word' id='word_1_319' title='bbox 1389 2400 1508 2433; x_wconf 61' lang='lat' dir='ltr'>Boeotia</span> <span class='ocrx_word' id='word_1_320' title='bbox 1521 2411 1575 2431; x_wconf 82' lang='lat' dir='ltr'>ex-</span> 
     </span>
    </p>

    <p class='ocr_par' dir='ltr' id='par_1_8' title="bbox 133 2445 1609 2616">
     <span class='ocr_line' id='line_1_38' title="bbox 176 2445 1609 2491; baseline -0.006 -10"><span class='ocrx_word' id='word_1_321' title='bbox 176 2455 206 2482; x_wconf 82' lang='lat'>2.</span> <span class='ocrx_word' id='word_1_322' title='bbox 228 2452 328 2481; x_wconf 78' lang='lat' dir='ltr'>Primi</span> <span class='ocrx_word' id='word_1_323' title='bbox 341 2451 442 2491; x_wconf 76' lang='lat' dir='ltr'>igitur,</span> <span class='ocrx_word' id='word_1_324' title='bbox 468 2447 543 2489; x_wconf 50' lang='grc' dir='ltr'>ἰπὶ]</span> <span class='ocrx_word' id='word_1_325' title='bbox 586 2445 619 2476; x_wconf 79' lang='lat' dir='ltr'>td</span> <span class='ocrx_word' id='word_1_326' title='bbox 642 2445 753 2476; x_wconf 85' lang='lat' dir='ltr'>accidit</span> <span class='ocrx_word' id='word_1_327' title='bbox 767 2452 838 2475; x_wconf 85' lang='lat' dir='ltr'>ante</span> <span class='ocrx_word' id='word_1_328' title='bbox 869 2445 1013 2475; x_wconf 84' lang='lat' dir='ltr'>cederet:</span> <span class='ocrx_word' id='word_1_329' title='bbox 1041 2446 1146 2486; x_wconf 74' lang='lat' dir='ltr'>Quare</span> <span class='ocrx_word' id='word_1_330' title='bbox 1161 2445 1324 2476; x_wconf 87' lang='lat' dir='ltr'>damnatus</span> <span class='ocrx_word' id='word_1_331' title='bbox 1339 2445 1357 2476; x_wconf 67' lang='lat' dir='ltr'>a</span> <span class='ocrx_word' id='word_1_332' title='bbox 1371 2445 1440 2481; x_wconf 88' lang='lat' dir='ltr'>suis,</span> <span class='ocrx_word' id='word_1_333' title='bbox 1455 2455 1485 2475; x_wconf 91' lang='lat' dir='ltr'>se</span> <span class='ocrx_word' id='word_1_334' title='bbox 1500 2453 1575 2474; x_wconf 88' lang='lat' dir='ltr'>con·</span> <span class='ocrx_word' id='word_1_335' title='bbox 1607 2462 1609 2464; x_wconf 91' lang='lat'><em>-</em></span> 
     </span>
     <span class='ocr_line' id='line_1_39' title="bbox 133 2486 1573 2529; baseline -0.005 -4"><span class='ocrx_word' id='word_1_336' title='bbox 133 2493 272 2526; x_wconf 85' lang='lat' dir='ltr'>Cononis</span> <span class='ocrx_word' id='word_1_337' title='bbox 283 2491 460 2527; x_wconf 88' lang='lat' dir='ltr'>victoriam,</span> <span class='ocrx_word' id='word_1_338' title='bbox 480 2500 552 2521; x_wconf 90' lang='lat' dir='ltr'>cum</span> <span class='ocrx_word' id='word_1_339' title='bbox 565 2487 724 2526; x_wconf 59' lang='lat' dir='ltr'>Thebani,</span> <span class='ocrx_word' id='word_1_340' title='bbox 746 2498 838 2529; x_wconf 83' lang='lat' dir='ltr'>pecu·</span> <span class='ocrx_word' id='word_1_341' title='bbox 869 2487 939 2518; x_wconf 87' lang='lat' dir='ltr'>tulit</span> <span class='ocrx_word' id='word_1_342' title='bbox 954 2488 1095 2529; x_wconf 82' lang='lat' dir='ltr'>Tegeam</span> <span class='ocrx_word' id='word_1_343' title='bbox 1112 2488 1268 2526; x_wconf 79' lang='lat' dir='ltr'>Arcadiae,</span> <span class='ocrx_word' id='word_1_344' title='bbox 1281 2488 1335 2518; x_wconf 89' lang='lat' dir='ltr'>ubi</span> <span class='ocrx_word' id='word_1_345' title='bbox 1349 2487 1456 2518; x_wconf 88' lang='lat' dir='ltr'>dolore</span> <span class='ocrx_word' id='word_1_346' title='bbox 1470 2486 1573 2529; x_wconf 80' lang='lat' dir='ltr'>periit.</span> 
     </span>
     <span class='ocr_line' id='line_1_40' title="bbox 136 2530 1198 2576; baseline -0.006 -8"><span class='ocrx_word' id='word_1_347' title='bbox 136 2534 352 2576; x_wconf 66' lang='lat' dir='ltr'>nii‘corrupti,</span> <span class='ocrx_word' id='word_1_348' title='bbox 364 2532 574 2565; x_wconf 55' lang='lat' dir='ltr'>&amp;Tithrauste</span> <span class='ocrx_word' id='word_1_349' title='bbox 590 2531 797 2563; x_wconf 81' lang='lat' dir='ltr'>Athenienses</span> <span class='ocrx_word' id='word_1_350' title='bbox 807 2530 836 2560; x_wconf 88' lang='lat' dir='ltr'>in</span> <span class='ocrx_word' id='word_1_351' title='bbox 868 2531 1019 2561; x_wconf 78' lang='lat' dir='ltr'>Plutarch.</span> <span class='ocrx_word' id='word_1_352' title='bbox 1033 2538 1064 2560; x_wconf 84' lang='lat' dir='ltr'>et</span> <span class='ocrx_word' id='word_1_353' title='bbox 1079 2531 1198 2562; x_wconf 77' lang='lat' dir='ltr'>Diodor.</span> 
     </span>
     <span class='ocr_line' id='line_1_41' title="bbox 134 2572 1573 2616; baseline -0.007 -5"><span class='ocrx_word' id='word_1_354' title='bbox 134 2578 209 2611; x_wconf 84' lang='lat' dir='ltr'>beni</span> <span class='ocrx_word' id='word_1_355' title='bbox 222 2578 400 2609; x_wconf 72' lang='lat' dir='ltr'>societatem</span> <span class='ocrx_word' id='word_1_356' title='bbox 414 2574 575 2607; x_wconf 73' lang='lat' dir='ltr'>vocarunt.</span> <span class='ocrx_word' id='word_1_357' title='bbox 912 2576 942 2604; x_wconf 89' lang='lat'>5.</span> <span class='ocrx_word' id='word_1_358' title='bbox 971 2573 1165 2616; x_wconf 79' lang='lat' dir='ltr'>Funduntur.]</span> <span class='ocrx_word' id='word_1_359' title='bbox 1221 2572 1276 2604; x_wconf 86' lang='lat' dir='ltr'>Ad</span> <span class='ocrx_word' id='word_1_360' title='bbox 1292 2574 1445 2605; x_wconf 81' lang='lat' dir='ltr'>Nemeam</span> <span class='ocrx_word' id='word_1_361' title='bbox 1467 2578 1573 2602; x_wconf 86' lang='lat' dir='ltr'>tamen</span> 
     </span>
    </p>

    <p class='ocr_par' dir='ltr' id='par_1_9' title="bbox 133 2613 1576 2750">
     <span class='ocr_line' id='line_1_42' title="bbox 180 2613 1574 2663; baseline -0.006 -11"><span class='ocrx_word' id='word_1_362' title='bbox 180 2626 210 2653; x_wconf 79' lang='grc'>3.</span> <span class='ocrx_word' id='word_1_363' title='bbox 231 2622 381 2663; x_wconf 77' lang='lat' dir='ltr'>Lysander</span> <span class='ocrx_word' id='word_1_364' title='bbox 408 2617 602 2660; x_wconf 69' lang='lat' dir='ltr'>interficitur]</span> <span class='ocrx_word' id='word_1_365' title='bbox 659 2615 841 2648; x_wconf 80' lang='lat' dir='ltr'>Praemissus</span> <span class='ocrx_word' id='word_1_366' title='bbox 870 2615 1003 2646; x_wconf 86' lang='lat' dir='ltr'>fluvium</span> <span class='ocrx_word' id='word_1_367' title='bbox 1017 2614 1185 2646; x_wconf 84' lang='lat' dir='ltr'>Thebanos</span> <span class='ocrx_word' id='word_1_368' title='bbox 1199 2623 1231 2646; x_wconf 89' lang='lat' dir='ltr'>et</span> <span class='ocrx_word' id='word_1_369' title='bbox 1246 2615 1451 2646; x_wconf 80' lang='lat' dir='ltr'>Athenienses</span> <span class='ocrx_word' id='word_1_370' title='bbox 1464 2613 1483 2645; x_wconf 74' lang='grc' dir='ltr'>ἑ.</span> <span class='ocrx_word' id='word_1_371' title='bbox 1497 2623 1574 2655; x_wconf 80' lang='lat' dir='ltr'>rege</span> 
     </span>
     <span class='ocr_line' id='line_1_43' title="bbox 133 2657 1576 2700; baseline -0.006 -5"><span class='ocrx_word' id='word_1_372' title='bbox 133 2670 206 2696; x_wconf 82' lang='lat' dir='ltr'>ante</span> <span class='ocrx_word' id='word_1_373' title='bbox 220 2663 414 2699; x_wconf 81' lang='lat' dir='ltr'>Pausaniam,</span> <span class='ocrx_word' id='word_1_374' title='bbox 427 2661 503 2692; x_wconf 89' lang='lat' dir='ltr'>dum</span> <span class='ocrx_word' id='word_1_375' title='bbox 517 2660 698 2692; x_wconf 75' lang='lat' dir='ltr'>Haliartum</span> <span class='ocrx_word' id='word_1_376' title='bbox 714 2658 840 2690; x_wconf 78' lang='lat' dir='ltr'>Boeotiae</span> <span class='ocrx_word' id='word_1_377' title='bbox 872 2657 1047 2700; x_wconf 79' lang='lat' dir='ltr'>Agesipoli‚</span> <span class='ocrx_word' id='word_1_378' title='bbox 1062 2657 1219 2691; x_wconf 62' lang='lat' dir='ltr'>Pausaniae</span> <span class='ocrx_word' id='word_1_379' title='bbox 1234 2657 1310 2695; x_wconf 77' lang='lat' dir='ltr'>filio.</span> <span class='ocrx_word' id='word_1_380' title='bbox 1337 2658 1433 2691; x_wconf 75' lang='lat' dir='ltr'>victos</span> <span class='ocrx_word' id='word_1_381' title='bbox 1452 2666 1576 2690; x_wconf 60' lang='lat' dir='ltr'>mem-&lt;³</span> 
     </span>
     <span class='ocr_line' id='line_1_44' title="bbox 136 2700 1100 2750; baseline -0.008 -11"><span class='ocrx_word' id='word_1_382' title='bbox 136 2705 288 2750; x_wconf 70' lang='lat' dir='ltr'>oppidum</span> <span class='ocrx_word' id='word_1_383' title='bbox 301 2705 384 2738; x_wconf 75' lang='lat' dir='ltr'>solus</span> <span class='ocrx_word' id='word_1_384' title='bbox 393 2715 465 2738; x_wconf 78' lang='lat' dir='ltr'>cum</span> <span class='ocrx_word' id='word_1_385' title='bbox 475 2704 536 2736; x_wconf 76' lang='lat' dir='ltr'>suis</span> <span class='ocrx_word' id='word_1_386' title='bbox 546 2709 761 2748; x_wconf 79' lang='lat' dir='ltr'>oppugnat,ut</span> <span class='ocrx_word' id='word_1_387' title='bbox 771 2700 840 2744; x_wconf 74' lang='lat' dir='ltr'>gio·</span> <span class='ocrx_word' id='word_1_388' title='bbox 871 2709 920 2733; x_wconf 87' lang='lat' dir='ltr'>rat</span> <span class='ocrx_word' id='word_1_389' title='bbox 933 2700 1100 2733; x_wconf 79' lang='lat' dir='ltr'>Diodorus.</span> 
     </span>
    </p>
   </div>
   <div class='ocr_carea' id='block_1_8' title="bbox 1028 2741 1141 2799">
    <p class='ocr_par' dir='ltr' id='par_1_10' title="bbox 1028 2741 1141 2799">
     <span class='ocr_line' id='line_1_45' title="bbox 1028 2741 1141 2799; baseline 0 -5"><span class='ocrx_word' id='word_1_390' title='bbox 1028 2741 1060 2787; x_wconf 83' lang='lat' dir='ltr'>F</span> <span class='ocrx_word' id='word_1_391' title='bbox 1090 2748 1141 2799; x_wconf 51' lang='lat' dir='ltr'>Q,</span> 
     </span>
    </p>
   </div>
  </div>
 </body>
</html>
