1903 3076
595 170 706 212 LIB.
739 134 849 211 Xn·
912 170 1043 213 CAP.
1067 172 1129 213 V.

144 267 236 294 rum
254 252 508 307 captivarum
522 251 810 292 consuetudine
827 260 1068 300 tenerentur,
1090 255 1237 294 ducere
1257 269 1406 295 uxores
1422 272 1432 295 :
1458 263 1472 281 ²
1486 255 1597 295 exis-

144 311 293 352 timans
326 311 524 351 minorem
547 310 587 349 in
611 310 787 363 patriam
820 308 976 350 reditus
1006 311 1270 363 cupiditatem
1290 313 1487 363 futuram,
1523 316 1597 353 ha.

143 369 335 410 bentibus
353 367 397 407 in
418 368 561 409 castris
575 367 801 423 imaginem
818 370 1021 422 quandam
1039 369 1204 420 larium,
1222 385 1267 410 ac
1283 371 1515 412 domesticae
1532 387 1595 411 se-

142 426 206 467 dis
222 443 231 468 :
250 426 371 468 simul
389 437 428 466 et
442 425 627 467 laborem
646 426 804 466 militiae
819 426 1051 467 molliorem
1065 427 1151 466 fore
1167 429 1382 469 dulcedine
1398 444 1593 470 uxorum.

141 484 194 526 In
213 485 497 538 supplementa
513 500 675 540 quoque
692 483 874 525 militum
887 484 1024 525 minus
1041 486 1249 526 exhauriri
1266 502 1384 540 posse
1401 487 1595 528 Macedo-

141 541 268 593 niam,
287 541 321 582 si
342 544 543 583 veteranis
563 543 747 596 patribus
776 541 925 583 tirones
962 542 1034 583 filii
1073 546 1345 595 succederent,
1376 545 1594 585 militaturi

139 599 184 641 in
202 601 329 649 vallo,
348 598 390 640 in
407 616 487 656 quo
499 610 632 642 essent
649 600 751 651 nati,
765 600 1136 656 constantioresque
1149 602 1293 651 futuri,
1306 603 1338 643 si
1358 619 1438 643 non
1455 603 1593 643 solum

138 657 344 707 tirocinia,
359 660 506 699 verum
522 670 561 700 et
575 659 825 700 incunabula
840 658 883 698 in
900 659 1000 712 ipsis
1020 659 1160 701 castris
1179 661 1426 714 posuissent.
1486 661 1591 715 Quae

138 719 388 758 consuetudo
408 717 450 758 in
466 732 714 759 successores
730 731 861 772 usque
877 717 1102 758 Alexandri
1119 719 1284 760 mansit.
1317 719 1449 774 Igitur
1462 727 1500 759 et
1513 718 1593 758 ali-

138 786 277 816 menta
296 775 434 829 pueris
453 786 613 829 statuta,
633 785 671 816 et
692 775 959 816 instrumenta
980 791 1189 817 armorum
1218 777 1506 832 equorumque
1522 777 1593 830 ju-

138 832 316 874 venibus
336 836 429 875 data
447 852 458 883 ;
479 844 518 875 et
536 835 736 888 patribus,
758 848 830 888 pro
849 849 1021 874 numero
1035 833 1228 883 filiorum,
1243 836 1412 888 praemia
1427 844 1589 876 statuta.

139 890 184 932 Si
205 907 384 947 quorum
405 902 538 946 patres
556 892 812 943 occidissent,
834 891 1104 933 nihilominus
1122 893 1272 946 pupilli
1295 893 1496 947 stipendia
1516 909 1592 948 pa-

138 957 250 991 trum
270 951 510 1001 trahebant3
541 966 718 1006 quorum
736 950 912 1003 pueritia
929 950 1033 990 inter
1051 953 1186 992 varias
1206 953 1487 1004 expeditiones
1509 951 1591 992 mi—

137 1007 227 1048 litia
247 1018 345 1050 erat.
407 1008 548 1065 Itaque
569 1010 592 1049 ὲ
613 1010 782 1063 parvula
804 1018 918 1050 aetate
941 1008 1134 1062 periculis
1152 1009 1447 1065 laboribusque
1470 1011 1590 1050 indu-

137 1066 228 1118 rati,
258 1066 432 1108 invictus
452 1068 656 1108 exercitus
680 1068 795 1108 fuere
813 1084 822 1107 ε
857 1069 875 1093 ¹³
888 1082 1020 1122 neque
1049 1078 1179 1108 castra
1209 1068 1329 1108 aliter
1359 1069 1483 1123 quam
1515 1082 1591 1121 pa-

137 1124 275 1175 triam,
297 1140 430 1181 neque
459 1141 641 1181 pugnam
673 1126 784 1166 aliud
814 1140 997 1180 unquam
1027 1126 1153 1181 quam
1181 1126 1589 1167 victoriamduxere.

116 1182 240 1232 ‚Haec
264 1185 424 1224 soboles
453 1199 603 1225 nomen
633 1185 776 1225 habuit
798 1183 996 1237 Epigoni.
1058 1183 1218 1225 Parthis
1233 1185 1384 1239 ‘deinde
1406 1184 1589 1235 domitis,

137 1243 353 1294 praesectus
387 1242 429 1282 hi
419 1257 454 1282 5
493 1244 680 1283 statuitur
711 1257 764 1283 ex
790 1242 1003 1282 nobilibus
1036 1242 1256 1284 Persarum
1285 1244 1584 1299 Andragoras:

136 1301 242 1340 unde
264 1301 405 1353 postea
426 1300 628 1356 originem
649 1300 891 1341 Parthorum
912 1315 1028 1354 reges
1048 1300 1245 1340 habuere.

1724 182 1805 217 115

195 1358 328 1399 CAP.
354 1359 414 1399 V.
459 1359 619 1400 Interea
639 1360 874 1399 Alexander
894 1373 973 1398 non
996 1359 1123 1413 regio,
1145 1361 1214 1399 sed
1235 1357 1373 1400 hostili
1396 1359 1491 1400 odio
1513 1374 1586 1400 sae-
1599 1363 1637 1393 In
1652 1375 1730 1394 suos
1730 1376 1778 1394 ae-

134 1415 223 1457 vire
245 1415 287 1457 in
306 1431 400 1457 suos
419 1418 558 1471 coepit.
620 1417 809 1457 Maxime
827 1416 1115 1472 indignabatur
1134 1417 1245 1470 carpi
1266 1433 1306 1457 se
1329 1418 1585 1458 sermonibus

1599 1410 1665 1436 vit:
1688 1420 1732 1435 mu
1718 1410 1787 1436 ustos

1595 1453 1712 1500 pupuls
1704 1464 1752 1480 su
1741 1453 1799 1479 uti-

135 1489 321 1540 suorum,
339 1475 523 1529 Philippi
547 1475 685 1529 patris,
701 1475 926 1530 patriaeque
942 1490 1076 1515 mores
1093 1474 1352 1516 subvertisse.
1412 1477 1581 1529 Propter
1588 1506 1619 1535 g
1612 1496 1658 1523 ·,.
1684 1493 1725 1522 Β
1728 1494 1810 1523 „m-

134 1548 225 1588 quae
255 1532 444 1583 crimina,
476 1541 487 1557 ¹
508 1533 720 1575 Parmenio
751 1548 917 1588 quoque
945 1548 1086 1604 senex,
1116 1528 1312 1588 dignitate
1332 1534 1418 1589 regi
1439 1536 1580 1587 proxi-
1593 1544 1676 1566 curat
1691 1550 1733 1566 m
1730 1547 1799 1565 -.m.

133 1606 243 1640 mus,
263 1606 359 1632 cum
380 1592 540 1633 Philota
560 1593 661 1638 filio,
682 1594 731 1632 de
752 1600 927 1646 utroque
946 1592 1061 1656 prius
1093 1591 1395 1646 quaestionibus
1415 1592 1583 1644 habitis,

133 1647 391 1696 interficitur.
441 1650 656 1691 Fremere
646 1661 784 1705 itaque
802 1664 944 1690 omnes
959 1650 1161 1690 universis
1176 1649 1314 1690 castris
1333 1665 1467 1703 coeper
1470 1666 1506 1701 e,
1519 1651 1585 1690 in-

131 1707 250 1747 noxii
271 1707 376 1748 senis
396 1707 553 1763 filiique
567 1723 705 1749 casum
719 1707 983 1756 miserantes,
1004 1707 1296 1762 interdumque
1309 1724 1345 1748 se
1359 1725 1499 1763 quoque
1514 1724 1586 1749 non

133 1765 264 1805 debere
292 1765 424 1806 nulius
455 1778 607 1822 sperare
636 1766 829 1808 dicentes.
890 1767 994 1822 Quae
1024 1781 1122 1806 cum
1142 1765 1324 1806 nuntiata
1343 1768 1587 1807 Alexandro

132 1832 283 1874 essent,
304 1839 449 1865 verens
471 1840 520 1864 ne
542 1827 628 1866 haec
648 1824 787 1878 opinio
807 1823 931 1864 etiam
962 1824 1005 1864 in
1036 1823 1327 1864 Macedoniam
1347 1824 1417 1866 div
1421 1825 1587 1880 ulgare-

131 1889 260 1932 tur‚et
268 1897 317 1922 ne
331 1882 597 1923 victoriarum
611 1882 742 1938 gloria
755 1878 1101 1923 saevitiaemaculis
1114 1882 1402 1947 infuscaretur‚
1419 1884 1589 1924 simulat

131 1953 174 1980 se
194 1954 248 1980 ex
268 1940 410 1980 amicis
433 1943 633 1996 quosdam
663 1940 706 1981 in
738 1939 912 1995 patriam
942 1940 1123 1981 victoriae
1154 1940 1318 1981 nuntios
1348 1941 1586 1982 missurum.

131 1997 329 2040 Hortatur
351 1999 504 2041 milites
523 1999 606 2041 suis
626 1998 821 2051 scribere,
841 2003 857 2022 ‘²
870 1998 1068 2040 rariorem
1088 1999 1300 2040 habituros
1315 1999 1588 2052 occasionem,

670 2114 1054 2147 INTERPRETATIO.

170 2178 187 2199 ²
205 2180 378 2211 Arbitratus
393 2181 498 2212 milites
513 2194 565 2212 non
580 2187 658 2212 tanto
672 2184 774 2212 ardore
787 2188 835 2223 op·
920 2180 938 2207 b
954 2181 998 2211 Et
1011 2180 1168 2211 babuerunt
1180 2185 1277 2210 castra
1287 2185 1344 2220 pro
1348 2177 1466 2222 patna,
1478 2185 1506 2211 et
1525 2192 1586 2213 cer-

127 2228 234 2253 taturos
248 2225 377 2260 reditum,
391 2226 419 2254 in
445 2227 587 2266 patriam,
611 2227 638 2254 si
651 2224 785 2256 haberent
806 2227 836 2254 in
877 2230 968 2254 tamen
987 2230 1043 2264 pro
1056 2221 1190 2253 victorii.

127 2269 231 2297 caseri:
244 2269 329 2309 spece.
327 2279 360 2297 m
373 2270 513 2310 quandam
527 2271 597 2299 sedis
611 2269 774 2299 domestice.
921 2266 936 2285 ‘³
956 2266 1025 2296 Cum
1041 2266 1108 2296 mr&
1122 2278 1150 2296 se
1165 2267 1279 2307 φησι
1293 2263 1446 2296 scribendi
1469 2266 1581 2303 occasio,

878 2311 945 2352 quia
959 2310 1085 2340 bellum'
1073 2321 1103 2339 m
1118 2310 1230 2341 remoris
1245 2308 1402 2350 regionibus
1416 2309 1545 2350 agebant.

760 2410 954 2441 NOTAE.

174 2489 203 2519 l.
225 2488 384 2518 Parmenio
397 2487 532 2530 quoque]
571 2487 666 2519 Cum
679 2485 775 2518 multi
790 2498 850 2529 pro
875 2485 1045 2525 Philotam,
1067 2484 1155 2527 quod
1178 2494 1252 2516 eum
1274 2494 1336 2516 non
1351 2484 1531 2522 monuisset,
1552 2484 1586 2517 in

129 2530 259 2560 reresin
275 2530 490 2561 Alexandrum
502 2529 721 2571 conjurassent.
734 2531 786 2570 Dy
791 2541 835 2560 ττι-
876 2528 998 2560 vincula
1038 2529 1150 2569 conjici
1187 2527 1296 2569 jubet.
1337 2527 1391 2568 qui
1421 2528 1586 2560 tormentis

127 2582 187 2603 nus
199 2573 322 2604 exoleto
338 2572 544 2621 Nicomacho,
581 2573 605 2603 is
619 2572 836 2604 fratricebal-
874 2580 1010 2608 coactus,
1038 2571 1154 2601 crimen
1183 2578 1214 2601 et
1243 2581 1334 2601 suum
1356 2578 1387 2600 et
1402 2570 1508 2612 patris,
1530 2580 1584 2601 seu

127 2614 193 2645 lino
206 2625 274 2646 rem
288 2614 454 2656 patefacit;
487 2616 541 2656 qui
563 2626 625 2646 non
647 2626 737 2646 ausus
752 2616 837 2646 adire
874 2624 983 2645 verum
1000 2624 1052 2644 seu
1074 2613 1200 2650 falsum,
1221 2612 1375 2644 confessus
1390 2613 1528 2644 interiit:
1550 2619 1583 2643 et

128 2667 248 2698 regem,
266 2657 410 2693 Philotae.
426 2668 495 2699 quae
511 2657 528 2689 a
545 2657 640 2689 fratre
661 2658 838 2699 accepisset,
873 2657 1021 2688 continuo
1043 2666 1096 2686 rex
1131 2657 1371 2686 Parmenionem
1408 2654 1440 2685 in
1469 2654 1584 2691 medii,

126 2708 256 2730 narrat:
296 2699 408 2730 deinde
430 2711 497 2730 rem
526 2707 627 2731 totam
655 2700 837 2731 Alexandro
876 2701 965 2730 misso
989 2699 1229 2740 Polydamante,
1255 2708 1312 2740 per
1341 2698 1434 2729 duces
1448 2697 1584 2729 interfici

123 2753 183 2786 per
200 2743 384 2775 Metronem
399 2743 508 2785 aperit.
541 2745 647 2785 Quare
658 2743 838 2775 Alexander
873 2741 1002 2774 curavit.
