1903 3076
537 177 650 220 Lm.
683 155 892 221 xxxv,
939 176 1072 220 cAP.
1105 179 1142 221 1.

112 257 278 316 ingrato
321 257 473 310 animo,
513 258 618 299 inita
657 274 755 300 cum
794 258 1120 301 Atheniensibus
1154 259 1344 314 pactione
1383 258 1579 303 'offensis

116 329 215 360 tunc
259 317 493 370 Demetrio,
533 318 688 371 pellere
729 317 869 371 ipsum
908 333 1049 374 regno,
1090 319 1113 358 a
1154 335 1237 373 quo
1272 320 1578 371 restituebatur,

115 378 342 418 consilium
361 377 485 430 cepit.
546 377 641 431 Quo
671 377 848 432 cognito,
880 376 1125 417 Demetrius
1151 379 1248 419 vitae
1276 380 1442 434 quidem
1473 380 1577 433 ejus,

116 440 184 476 ²ne
203 435 446 485 Ariarathes
465 442 578 474 metu
609 434 776 475 fraterni
797 435 896 475 belli
918 437 1171 486 liberaretur,
1196 437 1403 489 pepercit:
1436 437 1577 490 ipsum

115 507 254 535 autem
270 496 627 546 comprehensum,
642 492 829 534 vinctum
842 494 1058 536 ³Seleuciae
1072 494 1283 534 ⁴custodiri
1290 495 1423 548 jubet.
1456 500 1470 518 ‘¹
1481 496 1527 536 N
1530 510 1577 536 ec

115 552 420 593 Antiochenses
442 551 597 592 indicio
626 551 772 603 territi,
802 551 826 591 ὲ
855 552 1086 592 defectione
1114 553 1369 594 destiterunt.
1431 554 1576 609 Itaque

115 609 404 664 adjuvantibus
426 620 465 650 et
486 611 706 651 Ptolemaeo
726 624 822 664 rege
846 611 1039 666 AEgypti,
1067 613 1126 652 ⁵et
1147 613 1292 652 Attalo
1311 613 1425 667 ⁶rege
1446 613 1575 660 Asiae,

114 677 155 708 et
171 668 391 708 Ariarathe
411 667 700 722 Cappadociae,
720 669 832 709 bello
848 668 871 708 ὲ
887 667 1107 710 Demetrio
1127 669 1320 721 lacessiti,
1340 672 1575 711 ⁷sub0rnant
1589 669 1789 702 A.M.89of3.

114 725 262 767 Balam
299 730 519 782 quendam,
549 732 566 756 ⁸
581 727 698 767 sortis
733 740 928 768 extremae
966 728 1178 781 juvenem,
1217 729 1289 784 qui
1321 728 1451 784 Syriae
1487 743 1575 783 reg-

114 798 232 834 num,
265 787 378 826 velut
399 797 629 839 paternum,
659 785 784 826 armis
804 796 1023 838 repeteret:
1059 795 1100 827 et
1126 802 1175 826 ne
1196 787 1296 842 quid
1317 787 1576 828 contumeliae
1590 799 1788 833 Ant.C.149.

113 844 285 889 deesset,
308 860 457 886 nomen
477 845 515 885 ei
537 843 762 885 Alexandri
787 843 958 892 inditur,
989 848 1006 872 ⁹
1018 845 1261 901 genitusque
1292 847 1344 885 ab
1366 846 1577 886 Antiocho

114 916 212 958 rege
232 902 397 945 dicitur.

455 902 641 945 Tantum
671 903 812 944 odium
843 902 1054 944 Demetrii
1087 905 1196 957 apud
1226 919 1368 946 omnes
1403 914 1502 957 erat,
1531 913 1579 946 ut

660 1032 1048 1065 INTERPRETATIO.

164 1112 183 1135 ²
198 1113 266 1148 Nec
278 1112 483 1146 Antiochenses
492 1112 662 1146 destitssrunt
675 1111 694 1146 ἃ
706 1115 869 1157 defectione.
882 1115 997 1146 etiamsi
1010 1115 1119 1146 scirent
1133 1125 1194 1146 eam
1208 1120 1304 1148 notam
1317 1128 1375 1148 esse
1387 1114 1565 1149 Demetrio-

763 1230 940 1263 NOTAE.

114 1309 231 1352 inquit,
242 1317 316 1342 ante
326 1315 503 1352 susceptum
514 1308 627 1347 filium,
637 1309 829 1342 Orofernem

116 1354 337 1394 adoptaverat,
362 1365 457 1395 quem
472 1353 581 1394 postea
597 1361 672 1384 nato
687 1353 830 1395 legitimo

116 1395 196 1432 filio,
209 1405 339 1438 propter
351 1396 532 1426 insidiarum
545 1397 763 1438 suspicionem,
777 1407 828 1427 ex-

117 1439 219 1482 pulit:
237 1439 290 1470 sed
305 1439 369 1477 ille,
380 1439 550 1470 Ariarathe
563 1447 701 1475 mortun,
716 1439 748 1470 in
764 1439 830 1481 ejus

117 1481 220 1514 filium
236 1482 417 1513 insurrexit:
446 1482 625 1513 Ariarathis
646 1482 712 1513 filio
735 1493 828 1525 opem

118 1525 195 1556 tulit
230 1526 399 1564 Eumenes,
445 1525 594 1556 Oroferni
624 1526 829 1564 Demetrius;

118 1568 303 1610 nuptiarum
318 1567 395 1599 verb
419 1568 594 1609 Appi-inus,
615 1567 778 1609 Polybius,
797 1576 830 1600 et

123 1612 268 1643 Zonaras
281 1621 432 1652 nusquam
446 1610 668 1641 meminerunt.

167 1658 195 1685 1.
223 1655 341 1696 Offimis
357 1661 422 1684 tunc
432 1653 612 1696 'Dema-trio]
645 1654 752 1694 Ωυὸά,
767 1665 830 1685 non

119 1695 232 1740 procul
261 1696 299 1738 ab
323 1695 495 1727 Antiochia
525 1696 660 1727 inclusus
687 1697 719 1728 in
741 1699 830 1740 regio

120 1739 261 1777 castello,
285 1739 468 1770 admitteret
488 1741 659 1777 nerninem,
677 1748 710 1770 et
733 1741 831 1771 vitam

120 1782 153 1814 in
184 1783 250 1813 οῑίο
279 1789 311 1813 et
341 1781 458 1817 deliciis
487 1782 626 1823 duceret,
665 1791 702 1814 ut
726 1792 832 1815 narrat

121 1824 284 1868 Josephus.
716 1823 719 1828 “

165 1872 194 1899 2.
218 1869 269 1900 Ne
284 1867 484 1910 Ariarathes]
527 1868 592 1909 Qui
604 1867 622 1900 εἴ
637 1870 751 1900 Senatu
766 1870 833 1900 Ro-

120 1921 230 1951 mano,
253 1910 293 1942 ad
318 1921 413 1952 quem
440 1910 636 1953 confugerat,
660 1913 762 1954 jussus
786 1921 833 1944 est

122 1964 186 1986 una
200 1964 272 1986 cum
289 1953 444 1985 Oroferne
466 1964 610 1995 regnare.
654 1957 706 1987 Ita
721 1957 834 1987 Florus.

117 1998 276 2029 ‘restatur
290 2005 397 2028 tamen
414 1995 565 2038 Polybius
588 1998 778 2029 Orofernem
801 1998 833 2029 in

127 2041 245 2071 Senatu
267 2039 387 2077 vicisse,
413 2040 561 2082 conjectis
580 2040 612 2071 in
628 2040 832 2072 Ariarathem

122 2082 210 2115 falsis
223 2081 415 2114 criminibus.

167 2131 198 2158 8.
213 2125 369 2168 Seleucia]
398 2124 484 2156 Urbs
499 2132 545 2157 est
556 2125 642 2158 Asiae
656 2125 834 2169 multiplex,

126 2172 155 2201 1.
186 2167 442 2210 Mesopotamiae,
481 2167 521 2199 ad
557 2169 696 2210 Tigrim,
735 2180 834 2211 prope

123 2211 377 2254 Ctesiphontem,
400 2212 516 2242 Mosul.
552 2217 581 2243 2.
595 2213 707 2254 Syriae,
722 2213 833 2244 Pieriae

123 2254 324 2298 cognomine,
363 2253 403 2284 ad
432 2255 562 2286 Orontis
594 2256 696 2296 Ostia,
724 2257 833 2286 Soldin.

122 2303 158 2335 3.
177 2297 309 2334 Ciliciae,
330 2299 455 2338 Aspera
473 2294 664 2340 nuncupata,
685 2298 726 2330 ad
740 2296 834 2339 Caly-

124 2341 261 2373 cadnum
275 2339 421 2375 fluvium.
438 2340 560 2373 Seleuco.
603 2344 636 2373 4.
658 2341 790 2378 Pisidiae,
804 2342 837 2372 in

126 2382 323 2424 Pamphyliae
339 2381 487 2421 confinio,
502 2383 653 2417 Celesbria.
681 2387 712 2416 5.
728 2384 837 2427 Syriae‚

125 2427 167 2459 ad
183 2426 294 2458 Belum
310 2424 441 2457 flumen.

168 2473 199 2501 4.
216 2467 462 2511 Custodin‘jubet]
505 2470 540 2500 ln
561 2479 695 2511 regnum
710 2470 832 2501 restitu-

126 2517 198 2544 tum
209 2511 402 2543 Orofernem
413 2512 524 2543 volunt
539 2513 705 2554 Appiauus
718 2520 751 2544 et
768 2513 832 2543 Zo-

128 2563 234 2586 naras:
260 2555 299 2586 de
323 2551 466 2586 custodia
490 2561 523 2585 et
550 2555 728 2598 proditione
756 2555 835 2587 nihil

128 2595 257 2629 habent.

165 2643 202 2688 .5.
216 2640 259 2670 Ee
272 2639 398 2683 Attalo]
430 2639 494 2681 Qui
507 2650 608 2683 nuper
631 2640 765 2674 Eumeni
780 2652 832 2684 pa-

125 2689 173 2716 tn
188 2691 382 2714 successerat.

173 2728 205 2758 6.
220 2726 298 2768 Rege
311 2723 424 2771 Atia-J
446 2725 508 2759 Vel
521 2725 608 2760 Asiae
622 2726 751 2760 minoris
765 2736 835 2770 par-

122 2837 149 2862 k

864 1318 930 1342 tem
947 1310 1108 1353 intelligit,
1129 1311 1218 1354 cujus
1238 1320 1332 1354 caput
1354 1320 1401 1345 est
1422 1313 1580 1357 Ephesus,

865 1365 935 1395 quae
952 1355 1029 1385 Asia
1043 1355 1172 1396 proprie
1188 1356 1314 1393 dicitur,
1337 1358 1386 1388 cui
1402 1357 1578 1399 imperabat

866 1396 995 1428 Attalus
1004 1409 1013 1435 ;
1036 1397 1087 1427 vel
1111 1397 1221 1429 Asiam
1245 1399 1422 1432 minorem:
1447 1401 1479 1431 in
1503 1400 1579 1442 qua,

866 1439 941 1471 licet
956 1448 987 1470 et
1006 1440 1130 1471 Prusias
1152 1441 1323 1482 Bithyniae,
1344 1451 1375 1473 et
1392 1443 1578 1476 Ariarathes

867 1482 1075 1525 Cappadociae
1090 1493 1246 1525 praeesset,
1269 1484 1401 1527 aliaeque
1422 1495 1523 1520 essent
1539 1486 1579 1517 li-

866 1526 949 1556 berae
973 1526 1123 1567 civitates,
1148 1527 1278 1558 Attalus
1303 1535 1409 1559 tamen
1434 1529 1578 1571 potentii
1608 1526 1612 1531 ’

866 1569 1033 1611 praestabat
1048 1569 1176 1600 caeteris.
1346 1605 1349 1608 Α

908 1615 937 1643 7.
953 1612 1112 1642 subornant
1120 1613 1300 1655 propalam]
1322 1611 1390 1644 Alii
1405 1615 1579 1656 propalam,

867 1653 918 1685 alii
933 1655 1112 1697 Pompanum
1128 1655 1261 1696 legunt;
1281 1656 1334 1686 sed
1358 1657 1470 1688 melius
1497 1668 1576 1688 non-

866 1697 944 1728 nulli
960 1699 1078 1729 Balam.
1113 1700 1180 1739 lpse
1195 1699 1279 1729 enim
1293 1699 1311 1734 a
1326 1700 1342 1730 J
1345 1699 1462 1742 osepho
1476 1700 1577 1733 Alex-

867 1740 965 1771 ander
980 1742 1072 1772 Bolas
1087 1749 1294 1782 nuncupatur.

911 1786 940 1814 8.
963 1784 1057 1814 Sortis
1072 1790 1204 1814 extremae
1213 1784 1375 1827 juvenem]
1419 1785 1514 1818 Hunc
1529 1785 1578 1817 in-

869 1833 962 1857 certae
989 1826 1094 1869 stirpis
1119 1826 1283 1868 Appianus
1306 1835 1338 1858 et
1359 1826 1477 1865 Florus,
1502 1839 1578 1871 sup·

868 1869 1043 1910 posititium
1076 1870 1230 1911 Sulpicius
1262 1877 1294 1901 et
1332 1871 1577 1911 Genebrardu53

870 1912 1030 1954 Scriptura
1055 1911 1144 1948 vero,
1172 1912 1324 1954 Josephus
1351 1921 1386 1945 et
1413 1915 1580 1951 Eusebius.

869 1955 1021 1986 Antiochi
1049 1955 1222 1997 Epiphanis
1258 1954 1361 1987 filium
1397 1957 1575 2000 appellant:

869 1997 1021 2029 Eusebius
1044 2005 1150 2029 tamen
1171 1998 1305 2029 nothum
1335 1997 1428 2030 fuisse
1451 2001 1581 2040 indicat,

869 2041 985 2083 quippe
1015 2041 1070 2082 qui
1103 2051 1142 2072 ex
1171 2040 1246 2072 Bal&
1279 2042 1462 2079 concubina,
1493 2043 1578 2074 unde

869 2085 961 2114 Balas
990 2083 1092 2115 dictus
1119 2090 1176 2120 est,
1203 2092 1315 2116 natum
1342 2095 1406 2116 esse
1435 2085 1580 2118 affirmet.

871 2124 960 2158 Male
979 2128 1135 2169 Lyranus.
1161 2134 1194 2157 et
1220 2135 1291 2167 post
1318 2138 1393 2159 eum
1419 2128 1579 2160 Adricho-

869 2170 961 2209 mius,
984 2179 1058 2201 eum
1073 2175 1186 2200 vocant
1201 2168 1302 2200 filium
1325 2171 1502 2212 Eupatoris,
1523 2172 1580 2214 qui

869 2220 941 2244 ante
963 2223 1081 2244 annum
1102 2212 1325 2244 duodecimum
1353 2214 1472 2246 occisus
1489 2223 1535 2247 est
1559 2214 1580 2248 εὶ

868 2255 1050 2296 Demetrio-v
1347 2276 1350 2283 -

913 2303 942 2331 9.
969 2298 1140 2340 (ἶεηὶίᾶεᾳυε
1160 2298 1196 2328 ab
1212 2298 1378 2342 Antiocho]
1413 2301 1496 2331 Eum
1512 2301 1578 2332 Ro-

870 2351 956 2372 mam
967 2342 1139 2372 adduxerat
1148 2341 1318 2378 Bizantius,
1327 2342 1478 2375 Antiochi
1488 2354 1581 2385 mag-

871 2384 903 2415 ui
917 2384 993 2415 olim
1008 2383 1091 2426 apud
1108 2385 1265 2415 Romanos
1279 2386 1430 2427 Legatus‚
1442 2396 1581 2428 eumque

872 2428 902 2458 in
918 2428 1040 2458 curiam
1055 2437 1125 2458 cum
1142 2427 1278 2458 Laodice
1297 2438 1403 2460 sorore
1427 2429 1580 2468 adduxit;

872 2469 950 2501 nihil
965 2477 1070 2501 tamen
1085 2479 1194 2500 eorum
1211 2481 1280 2511 quae
1294 2469 1424 2508 diceret,
1435 2472 1585 2513 placebat

874 2523 953 2544 sanae
969 2513 1083 2544 mentis
1097 2512 1290 2550 hominibus3
1317 2514 1381 2549 sed.
1397 2515 1468 2546 ciim
1484 2515 1579 2546 Sena-

873 2562 923 2586 tus
937 2556 968 2586 in
983 2555 1090 2586 alienis
1106 2555 1209 2597 regnis
1223 2554 1341 2586 bellurn
1358 2557 1453 2598 quam
1469 2567 1579 2599 pacem

874 2598 993 2637 mallet,
1007 2599 1168 2630 decretum
1185 2604 1243 2635 est,
1258 2606 1293 2629 ut
1308 2599 1492 2631 Alexandro
1506 2610 1579 2643 reg-

873 2651 963 2679 num,
987 2651 1063 2683 pace
1086 2651 1164 2673 num
1185 2640 1280 2673 armis
1300 2651 1443 2685 repetere
1459 2642 1580 2676 liceret.

874 2685 923 2715 Ita
938 2685 1084 2730 Pogybius.
1566 2683 1573 2689 ”

1190 2773 1262 2813 ⁵4

1591 713 1639 743 Ol.
1665 715 1734 744 157.
1757 716 1789 744 2.

1590 754 1789 788 Urb.C.6o‘.³.
