1903 3076
80 215 168 254 104

75 629 171 661 ‚Darii
184 629 245 659 the-

37 706 40 712 *
74 685 173 702 ,muros
185 674 271 713 capit.

76 715 173 755 ijrlls
188 728 237 745 Cx-

68 765 226 799 pugnatur.

74 801 271 832 A.M.53722.

74 842 127 872 Ol.
145 846 214 878 112.
230 848 258 875 l.

73 884 270 918 Urb.C.421.

73 929 190 962 Ant-C.
199 933 272 961 330,

871 207 1108 264 Jusrmr

289 289 519 331 Provolutae
532 288 676 330 deinde
691 288 1113 346 genibusAlexandri,
1121 305 1201 334 non
1221 294 1492 345 mortem,sed
1500 294 1598 335 dum
1610 292 1739 337 Darii

290 363 436 401 corpus
451 346 661 400 sepeliant,
688 348 928 389 dilationem
951 349 1092 390 mortis
1110 353 1393 403 deprecantur.
1464 352 1606 393 Motus
1625 352 1737 394 tanta

289 407 511 445 mulierum
537 405 685 458 pietate
705 408 957 460 Alexander,
975 418 1014 448 et
1035 408 1213 448 Darium
1233 409 1371 450 vivere
1391 409 1510 459 dixit,
1531 419 1569 450 et
1589 410 1738 451 timen-

288 463 397 504 tibus
414 462 555 504 mortis
568 474 724 504 metum
745 465 942 518 dempsit3
963 464 1110 520 easque
1126 467 1267 507 haberi
1281 477 1320 507 et
1335 468 1499 508 salutari
1515 477 1559 509 ut
1574 468 1736 524 reginas

288 521 498 576 praecepit.
558 521 684 563 Filias
703 537 869 578 quoque
889 538 969 563 non
988 524 1188 565 sordidius
1214 524 1411 579 dignitate
1422 527 1553 579 patris
1574 541 1734 581 sperare
1774 570 1784 584 A

290 579 597 620 matrimonium
614 580 748 634 jussit.

350 637 480 678 CAP.
497 638 558 678 X.
580 639 672 679 Post
683 640 770 679 haec
783 655 880 694 opes
896 640 1034 690 Darii,
1049 639 1372 696 divitiarumque
1384 651 1622 695 apparatum
1638 658 1736 684 con-

289 697 518 749 templatus,
534 696 797 738 admiratione
816 707 1022 739 tantarum
1035 713 1170 740 rerum
1187 699 1359 753 capitur.
1419 701 1540 741 Tunc
1553 702 1734 754 primum

286 754 497 794 luxuriosa
505 754 695 794 convivia
703 765 742 796 et
754 757 1096 812 magnificentiam
1105 759 1320 811 epularum
1331 758 1495 799 sectari:
1511 768 1604 800 tunc
1618 759 1736 799 'Bar-

285 811 398 852 sinen
420 813 623 866 captivam
643 813 829 868 diligere,
847 824 1012 869 propter
1041 816 1183 857 formae
1203 815 1566 869 pulchritudinem,
1597 816 1732 870 coepit.

285 870 328 910 A
344 871 425 925 qua
442 871 581 924 postea
594 882 823 925 susceptum
841 887 1018 926 puerum
1033 875 1256 915 Herculem
1271 874 1448 914 vocavit.
1491 874 1657 914 Memor
1671 884 1732 915 ta-

283 943 376 967 men
398 932 528 969 adhuc
545 929 723 970 Darium
738 930 884 979 vivere,
901 931 1210 973 Parmenionem
1232 934 1282 972 ad
1302 935 1579 985 occupandam
1596 940 1611 958 2
1633 933 1730 973 Per-

281 986 407 1026 sicam
415 988 600 1038 classem,
609 987 792 1041 aliosque
800 988 951 1030 amicos
964 991 1014 1029 ad
1025 990 1276 1043 recipiendas
1283 990 1396 1031 Asiae
1409 990 1591 1031 civitates
1603 990 1730 1032 misit:

279 1060 374 1099 quae
387 1045 540 1095 statim,
563 1046 700 1086 audita
721 1047 830 1086 fama
844 1047 1036 1097 victoriae,
1059 1047 1160 1101 ipsis
1178 1048 1297 1088 Darii
1309 1047 1516 1101 rpraefectis
1530 1063 1625 1088 cum
1642 1047 1731 1089 auri

277 1118 429 1157 magno
459 1106 635 1156 pondere
664 1104 926 1145 tradentibus·
946 1120 1003 1156 se,
1032 1105 1075 1145 in
1103 1115 1345 1159 potestatem
1369 1106 1573 1147 victorum
1601 1107 1728 1147 ven&-

275 1171 384 1200 runt.
407 1161 532 1201 Tunc·
542 1161 585 1201 in
604 1156 767 1217 Syriam
779 1163 1063 1221 proficiscitur:
1075 1164 1148 1204 ubi
1164 1164 1307 1205 obvios
1325 1162 1341 1190 ³
1353 1180 1447 1204 cum
1461 1164 1604 1204 infulis
1617 1165 1728 1204 mul-

275 1226 337 1258 tos
353 1219 540 1260 Orientes
557 1235 674 1274 reges
693 1221 851 1261 habuit.
911 1222 980 1262 Ex
999 1221 1062 1262 his
1083 1237 1157 1275 pro
1180 1221 1333 1262 meritis
1349 1224 1603 1276 singulorum
1623 1221 1726 1263 alios

273 1275 318 1315 in
337 1277 569 1318 societatem
591 1280 766 1332 recepit:
790 1279 880 1320 aliis
898 1295 1070 1334 regnum
1092 1280 1258 1332 ademit,
1289 1280 1466 1321 suffectis
1485 1280 1529 1320 in
1551 1282 1640 1321 loca
1656 1296 1728 1322 eo-

272 1348 366 1373 rum
380 1336 495 1376 novis
512 1338 691 1391 regibus.
726 1337 902 1392 Insignis
920 1349 1066 1391 praeter
1082 1347 1246 1380 caeteros
1261 1339 1342 1378 fuit
1361 1342 1375 1364 ⁴
1388 1339 1727 1394 Abdolonyrnus,

269 1405 344 1431 rex
366 1395 415 1432 ab
445 1395 687 1434 Alexandro
718 1398 733 1423 ⁵
751 1394 927 1436 Sidoniae
957 1397 1211 1437 constitutus.
1271 1403 1286 1420 ²
1303 1397 1437 1452 Quem
1469 1398 1726 1447 Alexander,

269 1449 366 1489 cum
386 1466 551 1504 operam
568 1453 752 1493 oblocare
770 1455 819 1493 ad
831 1462 977 1507 puteos
991 1454 1303 1504 exhauriendos,
1315 1457 1535 1508 hortosque
1551 1454 1725 1509 irrigan-

229 1503 234 1510 ’
269 1509 341 1548 dos
354 1510 617 1560 solitusesset,
631 1511 779 1552 misere
791 1511 920 1551 vitam
933 1513 1210 1562 exhibentem,
1223 1527 1361 1566 regem
1374 1513 1538 1562 fecerat,
1553 1512 1725 1565 ⁶spretis

268 1565 494 1617 nobilibus,
516 1583 565 1608 ne
581 1569 740 1622 generis
755 1569 811 1618 id,
833 1585 912 1610 non
931 1569 1061 1611 dantis
1080 1570 1325 1610 beneficium
1340 1579 1540 1624 putarent.
1593 1569 1722 1628 Tyri.-

268 1638 386 1663 orum
402 1625 546 1666 civitas
564 1627 660 1666 cum
676 1642 866 1668 coronam
883 1643 1044 1668 auream
1062 1628 1200 1683 magni
1213 1628 1402 1681 ponderis
1417 1642 1490 1681 per
1505 1629 1661 1683 legatos
1678 1626 1722 1668 in

267 1681 433 1726 titulum
453 1684 736 1738 gratulationis
751 1687 991 1726 Alexandro
1011 1685 1202 1737 misisset,
1223 1686 1335 1741 grate
1349 1701 1514 1727 munere
1537 1694 1720 1739 accepto,

265 1742 283 1766 ⁷
297 1740 460 1794 Tyrum
475 1757 515 1782 se
528 1741 585 1782 ire
602 1743 708 1783 velle
724 1746 774 1783 ad
788 1753 881 1784 vota
895 1744 1069 1785 Herculi
1083 1746 1299 1793 reddenda,
1312 1744 1428 1784 dixit.
1467 1744 1576 1784 Cum
1593 1744 1718 1799 legati

264 1798 414 1838 rectius
437 1799 478 1838 id
497 1815 592 1840 eum
606 1800 651 1841 in
668 1801 784 1854 Tyro
800 1811 935 1843 vetere
952 1811 992 1843 et
1008 1801 1234 1857 antiquiore
1256 1803 1408 1855 templo
1428 1802 1627 1842 facturum
1651 1801 1717 1842 di-

263 1865 413 1909 cerent,
426 1856 494 1898 bin
506 1860 764 1912 deprecantes
776 1860 811 1913 ej
818 1875 865 1900 us
878 1857 1090 1901 introitum
1101 1860 1157 1901 ita
1168 1860 1332 1912 exarsit,
1343 1869 1387 1901 ut
1398 1860 1492 1909 urbi
1504 1859 1715 1901 excidium

801 1969 1180 2001 INTERPRETATIO.

303 2028 321 2050 α
342 2031 431 2070 Quem
449 2032 615 2063 Alexander
636 2045 727 2074 regem
747 2040 899 2065 creaverat
919 2036 967 2066 vi-
1050 2036 1069 2061 b
1087 2033 1183 2065 Tanti
1196 2034 1245 2065 iri
1255 2040 1400 2066 commotus
1415 2040 1455 2069 est
1469 2036 1498 2064 1'n
1513 2032 1642 2075 legatos,
1663 2033 1713 2076 qui

261 2078 321 2103 tam
349 2081 474 2115 agentem
488 2078 516 2105 in
542 2082 678 2116 egestam,-
711 2088 777 2106 nam
806 2078 919 2115 solebat,
942 2085 967 2107 et
1004 2079 1195 2119 precabantur
1209 2077 1284 2109 nein
1301 2075 1411 2109 urbem
1425 2079 1626 2119 ingrederetur·

260 2126 374 2158 uquam
388 2116 403 2146 ἐ
413 2119 507 2159 puteis
521 2118 648 2155 haurire,
671 2125 697 2149 et
711 2119 804 2150 hortos
817 2121 955 2162 irrigare·

904 2199 974 2229 No
984 2197 1070 2230 TAE.

302 2262 331 2289 1.
346 2260 513 2302 Bari-inm]
540 2260 723 2291 Memnonis
736 2270 878 2298 uxorem,
901 2263 966 2292 Da·
1043 2265 1073 2293 4.
1088 2261 1318 2304 Abdolcnymus]
1345 2263 1417 2293 Non
1435 2260 1552 2297 Sidoni,
1565 2259 1619 2292 sed
1635 2260 1706 2302 'ry-

256 2301 295 2332 rii
311 2301 419 2342 filiam,
433 2315 468 2333 cx
480 2306 709 2345 Arriamquam
720 2304 827 2345 postea
838 2314 966 2335 uxorem
1001 2315 1047 2341 ro,
1068 2315 1175 2346 regem
1200 2304 1431 2345 Hephaestionis
1446 2302 1538 2346 opera
1554 2311 1705 2343 creatum,

255 2344 355 2375 duxit.
999 2355 1138 2378 testatur.
1183 2349 1301 2378 Diodor.

299 2391 329 2418 2.
345 2388 493 2418 Persicam
508 2388 645 2430 classem-T]
661 2390 740 2419 Eum
758 2399 820 2419 non
836 2389 875 2420 ad
891 2389 964 2420 claS-
1042 2393 1072 2421 5.
1095 2389 1238 2431 Sidoniae]
1282 2388 1367 2420 Urbs
1389 2396 1433 2420 est
1464 2387 1644 2426 Phoeniciae‚
1671 2388 1704 2420 in

254 2438 330 2464 scm,
344 2431 395 2460 sed
413 2431 602 2460 Damascum
618 2431 721 2468 misit3
737 2432 823 2472 cujus
838 2431 965 2472 praefec·
999 2431 1052 2462 ora
1068 2432 1160 2462 maris
1176 2432 1412 2462 NIediterranei.
1457 2432 1534 2462 Suid.

253 2478 303 2502 tus
316 2482 373 2513 per
386 2472 489 2503 literas
503 2473 684 2504 Alexandro
701 2474 861 2504 thesauros
875 2475 964 2505 Darii
1003 2481 1005 2483 ’
1041 2479 1072 2506 6.
1093 2475 1204 2516 Spretis
1220 2474 1376 2516 nobih'hm]
1432 2473 1522 2504 Illum
1547 2481 1650 2505 tamen
1666 2483 1704 2505 ex

251 2514 428 2546 obtulerat.
998 2518 1093 2559 stirpe
1124 2516 1211 2559 regia
1240 2517 1394 2559 originem
1419 2516 1539 2547 duxisse
1566 2514 1704 2547 affirmat

305 2562 333 2588 3.
351 2558 420 2587 Cum
430 2557 556 2600 insulis]
571 2558 720 2599 Intelligit
736 2558 870 2590 laddum
881 2570 964 2590 surn-
1001 2560 1135 2591 Curtius.

249 2608 350 2630 mum
374 2600 556 2631 Iuda-orum
577 2602 786 2638 sacerdoten13
809 2602 876 2642 qui,
891 2602 963 2633 esim
1038 2606 1068 2633 7.
1089 2602 1220 2643 Tyrum]
1250 2601 1336 2633 Olim
1358 2601 1456 2633 insula
1470 2603 1512 2633 70
1525 2600 1662 2643 passibus
1682 2599 1702 2632 εἷ

249 2640 434 2673 Alexandro
445 2644 569 2684 Tyrum
580 2642 733 2674 obsidenti
745 2644 857 2674 auxilia
868 2644 961 2675 dene·
998 2646 1176 2676 continente
1197 2644 1294 2675 divisa
1316 2644 1438 2687 pelago.
1460 2653 1541 2674 nunc
1561 2643 1599 2673 ad
1614 2642 1703 2673 littus

248 2683 471 2725 gisseneidem
481 2684 586 2726 postea
598 2687 614 2716 J
618 2685 823 2726 erosolymam
832 2687 962 2727 petenti,
996 2688 1097 2718 maris.
1141 2688 1190 2721 De
1204 2687 1378 2729 Tyriorum
1391 2685 1511 2729 origine
1533 2684 1612 2717 infra
1627 2695 1701 2727 age-

249 2736 322 2756 eum
337 2727 549 2759 sacerdotibus
565 2727 624 2759 ivit
636 2727 961 2772 obvinm,iratsimque
995 2739 1071 2762 mus.

250 2769 394 2811 placavit.
629 2775 633 2779 ⁴
