1903 3076
128 239 210 275 290

939 225 1173 270 JUSTINI

339 324 479 358 menta
496 315 625 366 fuere,
655 315 822 368 prorsus
851 313 969 369 quasi
999 314 1049 353 ad
1077 313 1232 366 epulas,
1263 325 1345 352 non
1365 312 1413 352 ad
1432 311 1544 352 bella
1561 317 1790 365 pergerent.

342 373 597 415 Advenienti
614 373 823 413 Antiocho
837 372 958 412 multi
972 371 1199 411 Orientales
1216 385 1331 424 reges
1343 369 1570 419 occurrere,
1591 370 1794 410 tradentes

343 447 399 483 se,
419 431 623 487 regnaque
643 445 716 471 sua
737 445 832 470 cum
849 429 1103 470 execratione
1119 428 1320 480 superbiae
1335 427 1549 469 Parthicae.
1593 426 1688 467 Nec
1704 441 1794 467 mo·-

344 506 388 530 ra
409 489 681 544 congressioni
697 489 791 528 fuit.
837 487 1072 528 Antiochus
1093 494 1104 510 ¹
1124 486 1251 526 tribus
1266 486 1418 538 praeliis
1435 486 1580 535 victor,
1596 484 1692 524 curn
1713 484 1795 524 Ba>-

345 548 560 603 byloniam
575 547 825 600 occupasset,
845 560 1018 600 magnus
1033 543 1175 584 haberi
1191 543 1330 597 coepit.
1380 544 1524 598 Itaque
1541 542 1731 583 omnibus
1745 544 1797 583 ad

346 622 440 647 eum
461 605 627 660 populis
663 602 959 654 deficientibus,
987 602 1092 643 nihil
1129 602 1288 642 Parthis
1316 600 1465 656 reliqui
1485 611 1629 655 praeter
1647 599 1797 655 patrios

346 666 443 705 fines
462 664 554 705 fuit.
615 664 736 704 Tunc
767 663 960 703 Phraates
990 660 1252 701 Demetrium
1273 659 1314 699 in
1338 659 1501 715 Syriam
1522 662 1571 699 ad
1592 673 1799 712 occupan-

346 726 446 764 dum
465 737 637 777 regnum
659 736 755 762 cum
775 719 965 760 Parthico
995 718 1185 772 praesidio
1205 718 1343 768 mittit,
1372 725 1417 757 ut
1437 732 1485 757 eo
1505 726 1622 769 pacto
1642 717 1797 759 Antio-

347 783 448 822 chus
465 783 513 820 ad
527 795 598 820 sua
611 781 759 820 tuenda
771 779 794 817 ὲ.
810 777 972 818 Parthia
985 786 1257 818 revocaretur.
1290 773 1476 824 Interim,
1489 774 1683 828 quoniam
1697 776 1799 817 viri-

347 841 424 880 bus
444 854 523 878 non
546 847 717 891 poterat,
743 834 901 877 insidiis
922 835 1176 883 Antiochum
1198 833 1350 888 ubique
1377 833 1569 873 tentabat.
1628 835 1798 888 Propter

347 897 653 937 multitudinem
667 894 897 945 hominurn,
910 893 1138 934 exercitum
1151 907 1271 933 suum
1286 890 1518 933 Antiochus
1530 903 1602 943 per
1616 891 1800 933 civitates

346 955 387 996 in
406 957 591 1011 hyberna
607 954 818 994 diviserat:
853 968 946 1008 quae
962 967 1026 992 res
1044 952 1081 992 ei
1102 951 1219 992 exitii
1241 964 1362 990 causa
1381 949 1476 989 fuit.
1536 952 1551 970 ‘¹
1568 947 1684 990 Nam
1703 950 1800 991 cum

349 1013 511 1068 gravari
533 1028 574 1054 se
593 1012 804 1066 copiarum
823 1010 1075 1064 praebitione,
1092 1019 1129 1050 et
1145 1008 1306 1062 injuriis
1321 1007 1519 1058 militurn,
1536 1004 1719 1049 civitates
1733 1008 1800 1048 vi-

349 1075 504 1121 cierent,
523 1073 574 1111 ad
594 1071 763 1112 Parthos
784 1068 1002 1117 deficiunt;
1033 1077 1073 1108 et
1090 1067 1155 1107 die
1179 1066 1322 1108 statut&
1342 1081 1484 1106 omnes
1505 1067 1610 1118 apud
1631 1078 1674 1107 se
1693 1065 1801 1107 divi-

351 1145 442 1171 sum
459 1129 683 1170 exercitum
698 1143 769 1181 per
786 1127 970 1178 insidias,
984 1143 1034 1167 ne
1055 1125 1235 1166 invicem
1248 1125 1353 1164 ferre
1367 1123 1521 1165 auxilia
1537 1134 1713 1177 possent,
1729 1140 1801 1180 ag-

351 1188 605 1243 grediuntur.
665 1187 768 1241 Quae
809 1186 904 1226 cum
941 1184 1132 1225 nunciata
1167 1181 1378 1223 Antiocho
1409 1191 1557 1232 essent,
1597 1181 1802 1224 auxilium

349 1246 552 1300 proximis
572 1247 744 1295 laturus,
779 1259 874 1284 cum
895 1243 942 1284 e'a'
963 1258 1101 1292 manu,
1138 1257 1229 1297 quae
1262 1256 1401 1281 secum
1440 1242 1675 1296 hyemabat,
1707 1255 1802 1294 pro-

351 1305 547 1359 greditur.
607 1304 657 1343 In
677 1302 821 1343 itinere
838 1302 1009 1343 obvium
1021 1315 1159 1356 regem
1177 1300 1418 1340 Parthorum
1434 1299 1594 1349 habuit,
1609 1299 1805 1344 adversus

351 1378 477 1416 quem
498 1361 661 1413 fortius,
682 1361 808 1415 quam
830 1360 1032 1400 exercitus
1046 1360 1149 1413 ejus,
1169 1356 1395 1398 dimicavit.
1458 1358 1529 1397 Ad
1550 1366 1803 1410 postremum

351 1430 504 1471 tamen,
536 1419 633 1460 cum
653 1420 803 1459 virtute
835 1421 970 1459 hostes
1008 1416 1234 1466 vincerent,
1265 1425 1374 1456 metu
1407 1430 1574 1457 suorum
1605 1417 1804 1466 desertus,

353 1481 368 1499 ²
378 1478 592 1519 occiditur:
613 1477 679 1517 cui
692 1477 883 1518 Phraates
896 1474 1105 1530 exsequias
1119 1473 1232 1529 regio
1246 1489 1356 1514 more
1370 1473 1483 1523 fecit,
1496 1472 1704 1527 filiamque
1718 1474 1806 1513 De-

353 1535 504 1587 metrii,
517 1551 643 1591 quam
657 1550 794 1575 secum
812 1534 1042 1575 Antiochus
1059 1533 1293 1582 adduxerat,
1310 1542 1454 1584 captus
1469 1546 1606 1571 amore
1618 1530 1808 1586 virginis,

354 1609 527 1635 uxorem
549 1594 683 1634 duxit.
745 1593 941 1633 Poenitere
972 1591 1116 1631 deinde
1152 1589 1307 1630 dimissi
1343 1589 1546 1630 Demetrii
1576 1589 1722 1642 coepit:
1757 1592 1807 1630 ad

355 1667 478 1706 quem
499 1653 783 1692 retrahendum
798 1650 891 1692 cum
907 1662 1058 1690 turmas
1075 1647 1259 1703 equitum
1272 1647 1458 1688 festinato
1477 1646 1670 1698 misisset,
1690 1648 1808 1689 ¹³De-

355 1709 549 1751 metrium
569 1712 645 1750 hoc
667 1709 802 1762 ipsum
823 1716 1070 1749 metuentem
1087 1708 1172 1761 jam
1194 1706 1236 1745 in
1257 1721 1382 1762 regno
1402 1705 1517 1746 missi
1538 1705 1778 1747 invenerunt
1796 1720 1804 1743 :

356 1768 586 1824 frustraque
605 1767 743 1809 omnia
764 1766 914 1818 conati,
945 1768 994 1806 ad
1012 1781 1152 1820 regem
1173 1779 1291 1805 suum
1312 1763 1464 1806 reversi
1484 1773 1589 1805 sunt.

899 1882 1282 1914 INTERPRETATro.

401 1953 415 1971 ’ἃ
438 1954 518 1981 Νι»)
532 1951 591 1981 ειῖἠι
607 1953 733 1982 viderent
747 1951 825 1982 urbas
840 1963 868 1981 se
877 1952 1010 1992 gravari
1031 1951 1061 1981 ob
1143 1951 1160 1975 b
1192 1950 1234 1980 Et
1256 1950 1334 1979 missi
1346 1947 1363 1979 ὲ
1380 1949 1469 1989 Rege
1495 1948 1661 1979 invenerunt
1675 1948 1705 1979 ῐη
1721 1947 1810 1990 Syr-1⁶8

358 1997 479 2037 injurias
496 1994 513 2024 ἃ
529 1996 665 2024 militibus
681 1995 790 2031 illatas,
810 2001 837 2024 ct
851 1996 918 2036 qui-1
932 1994 1062 2036 cogeban-
1105 1995 1279 2024 Demetrium
1293 1993 1340 2023 hot:
1354 1993 1503 2022 timentem.

356 2043 404 2069 eur
418 2041 487 2068 dare
500 2039 690 2078 supplementa
711 2040 810 2079 copiis.

997 2155 1039 2185 N
1050 2154 1072 2184 Ο
1087 2153 1178 2186 TAE.

404 2235 431 2260 1.
451 2229 676 2270 T2·ihmp1-aeliis
699 2227 812 2270 victora]
858 2227 1008 2270 Josephus
1030 2239 1066 2259 ex

361 2273 493 2304 Nimlao
519 2273 713 2302 Damascena
741 2271 808 2301 vult
824 2268 862 2301 ab
879 2282 915 2302 eo
930 2270 1067 2312 trophae·

362 2327 415 2345 um
439 2315 475 2344 ad
504 2317 624 2352 Lycum
648 2323 773 2344 amnem
796 2323 936 2344 erectum
964 2313 1068 2344 fuisse.

361 2358 447 2398 qnod
463 2367 521 2387 nez*-
551 2356 656 2397 procul
682 2356 753 2386 inde
780 2356 920 2386 Indatem
938 2355 1069 2387 Partho-

361 2411 432 2430 rum
456 2400 567 2430 duct-m
601 2397 791 2440 superassem
815 2400 867 2429 sed
890 2399 979 2429 unius
1001 2406 1069 2429 tan-

362 2444 443 2478 tum,
458 2453 519 2472 non
537 2442 625 2472 trina:
645 2442 781 2472 victoriae
805 2441 958 2477 meminit,
981 2441 1069 2471 esim-

364 2497 424 2526 qm-
454 2484 547 2526 paulo
563 2484 633 2526 pbst
648 2484 687 2514 ab
703 2488 820 2514 Arsace
843 2484 963 2515 victum
978 2491 1070 2514 testa-

363 2537 426 2558 tur.

407 2575 435 2601 Q.
453 2568 618 2611 Osciditur]
661 2568 767 2600 Aliter
781 2567 819 2599 ab
835 2568 902 2599 aliis
916 2568 997 2599 iilius
1012 2579 1069 2599 cae·

365 2613 418 2643 des
433 2612 575 2643 traditur.
617 2610 670 2641 Ab
687 2614 804 2642 Arsace
819 2611 920 2642 victus
935 2611 991 2642 sibi
1006 2621 1069 2641 ma-

363 2654 550 2689 nnsintulit.
578 2653 601 2684 si
629 2655 778 2695 Appiano
807 2654 972 2684 credimus.
1019 2653 1071 2683 Ab

363 2701 481 2729 Arsace
496 2697 681 2728 interfectus
697 2706 751 2735 est,
768 2704 803 2728 ut
818 2696 919 2738 placet
934 2695 1082 2728 Eusebio.

1103 2226 1210 2257 Rebus
1236 2224 1317 2256 male
1347 2224 1453 2265 gestis,
1475 2224 1491 2254 ἒ
1505 2230 1664 2266 praerupto
1687 2222 1756 2255 loco
1777 2234 1810 2255 se

1104 2270 1222 2300 dedisse
1234 2268 1428 2310 praecipitem
1439 2266 1670 2299 vultvffilianus.
1698 2270 1731 2298 A
1743 2267 1810 2308 qui-

1104 2312 1162 2343 bus
1176 2312 1296 2342 diversa
1312 2310 1404 2341 refert
1421 2310 1580 2353 Scriptura
1594 2322 1600 2340 :
1639 2310 1711 2340 cum
1725 2310 1811 2341 enim

1104 2354 1199 2385 vellet
1216 2355 1358 2385 Naueam
1381 2353 1485 2389 deam,
1513 2352 1544 2383 id
1559 2360 1615 2390 est,
1644 2354 1814 2388 Venerem,

1105 2407 1235 2428 uxorem
1256 2396 1381 2431 ducere,
1404 2395 1498 2436 idque
1524 2394 1746 2436 pollicerentur
1766 2405 1813 2424 sa·

1105 2439 1244 2471 cerdotes
1260 2455 1266 2473 ι
1290 2438 1321 2469 in
1335 2438 1520 2479 Templum.
1544 2445 1577 2468 ut
1595 2437 1704 2468 dotem
1720 2447 1814 2478 spon·

1105 2493 1145 2513 εει),
1161 2482 1324 2522 acciperet,
1345 2491 1417 2511 cum
1434 2480 1539 2522 paucis
1553 2480 1712 2517 admissus,
1724 2479 1742 2510 ἐ
1765 2490 1814 2510 sa·

1105 2524 1282 2556 cei-dotibus
1297 2523 1414 2554 occisus
1440 2531 1497 2559 est,
1517 2529 1549 2553 et
1573 2522 1604 2553 in
1626 2522 1722 2553 frusta
1752 2522 1815 2553 dis-

1107 2575 1240 2609 cerptus.
1285 2568 1388 2606 Quem
1403 2565 1506 2597 locum
1533 2563 1582 2595 alii
1599 2565 1636 2596 de
1653 2565 1815 2596 Antiocho

1110 2611 1245 2651 Magno,
1258 2608 1308 2638 alii
1324 2609 1362 2639 de
1377 2608 1538 2639 Antiocho
1553 2607 1726 2649 Epiphane,
1749 2609 1816 2638 Ru-

1108 2661 1214 2694 pertus
1223 2659 1337 2690 tamen,
1353 2651 1507 2692 Sigonius,
1520 2650 1687 2690 Seri-arius,
1697 2651 1735 2681 de
1747 2652 1815 2681 An·

1109 2695 1214 2727 tiocho
1229 2694 1335 2726 Sidete
1353 2693 1541 2736 intelligunt.
