1903 3076
91 214 173 247 200

909 202 1142 246 JUSTINI

297 282 448 324 stituit.
509 280 689 322 ²Eidem
709 279 752 321 in
770 281 867 322 ludo
888 282 992 323 inter
1010 284 1188 337 aequales
1216 281 1384 323 discenti
1405 282 1527 337 lupus
1545 283 1741 334 tabulam,

300 341 344 381 in
375 339 490 380 turb&
520 354 738 393 puerorum
771 341 937 393 repente
956 341 978 380 ὲ
998 350 1216 393 conspectu
1245 340 1409 394 eripuit.
1478 342 1744 383 Adolescenti

301 413 481 453 quoque,
525 396 657 449 prima
699 397 810 437 bella
840 397 1013 448 ineunti,
1048 397 1185 452 aquila
1213 399 1256 439 in
1285 399 1447 454 clypeo,
1492 403 1671 440 ¹noctua
1701 400 1745 440 in

302 455 414 495 hastfi
436 454 626 495 consedit.
687 455 808 509 Quod
829 464 1049 505 ostentum,
1079 465 1117 495 et
1138 456 1309 496 consilio
1344 466 1522 508 cautum,
1551 466 1593 497 et
1621 472 1744 498 manu

302 522 553 565 promptum,
573 513 799 566 regemque
829 513 1013 553 futurum
1047 512 1313 567 significabat.
1358 513 1552 569 Denique
1574 517 1745 554 ²adver-

303 570 372 611 sfzs
408 578 692 624 provocatores
712 570 820 622 saepe
849 569 1063 626 pugnavit,
1093 572 1332 625 semperque
1361 570 1572 612 victoriam
1603 587 1746 625 repor-

302 626 418 667 tavit.
478 628 522 667 A
556 627 714 682 Pyrrho
743 642 836 682 rege
871 628 1012 668 multis
1045 627 1290 669 militaribus
1321 628 1436 669 donis
1471 632 1640 670 donatus
1668 638 1743 670 est.

303 683 567 725 Pulchritudo
601 684 640 724 ei
673 684 851 738 corporis
881 685 1065 740 insignis,
1087 685 1195 726 vires
1227 701 1390 740 quoque
1415 685 1460 726 in
1481 688 1643 727 homine
1673 689 1744 727 ad-

303 741 511 783 mirabiles
531 742 646 782 fuere
664 759 672 782 :
711 742 754 782 in
775 742 955 797 alloquio
974 745 1159 794 blandus,
1178 743 1221 783 in
1240 743 1401 798 negotio
1418 744 1562 797 justus,
1590 745 1633 785 in
1663 745 1743 784 im-

304 799 421 853 perio
452 802 708 841 moderatus:
756 815 921 854 prorsus
951 811 996 841 ut
1023 801 1128 841 nihil
1157 801 1195 842 ei
1224 801 1384 856 regium
1412 804 1562 854 deesse,
1600 810 1747 856 praeter

305 872 490 912 regnum,
504 857 729 899 videretur.

840 957 1220 989 INTERPRETATIO.

629 1026 647 1048 a
664 1027 743 1059 Dum
758 1027 786 1059 in
801 1026 895 1058 schola
908 1029 1028 1059 studeret
1041 1028 1116 1059 inter
1125 1033 1227 1070 pueros
1241 1026 1296 1058 sibi
1305 1027 1432 1068 aquales.

942 1114 1121 1147 NOTAE.

351 1183 380 1213 1.
393 1182 509 1213 Noctua
522 1181 551 1211 ἱη
565 1179 670 1220 ἰωή]
717 1180 852 1218 Noctua,
873 1179 897 1210 si
911 1179 1011 1211 volis·
1046 1179 1213 1213 Diodorus.
1257 1179 1343 1212 Hinc
1356 1179 1495 1213 manavit
1503 1180 1750 1224 adagium,N0t-

308 1230 366 1259 set,
394 1222 576 1261 victorian13
606 1223 630 1254 si
660 1223 854 1260 consedisset,
881 1222 1010 1253 exitium
1046 1230 1095 1253 tua
1108 1225 1199 1254 volat.

307 1265 501 1297 minabatur:
530 1265 613 1306 quod
638 1265 771 1296 Hieroni
796 1264 917 1301 accidit,
939 1264 1010 1296 cur'n
1089 1269 1118 1296 2.
1133 1268 1280 1297 Adversus
1289 1266 1511 1308 provocatores]
1540 1266 1759 1298 Mamertinos

307 1307 502 1349 Agathocles
513 1307 594 1339 bello
608 1308 727 1339 Punico
741 1314 869 1339 noctuas
878 1318 934 1349 per
947 1318 1010 1338 ca·-
1047 1314 1079 1338 et
1101 1308 1372 1349 Carthaginienses
1386 1309 1460 1339 vicit
1473 1309 1575 1352 saepez
1596 1320 1667 1341 cum
1683 1311 1751 1340 Ro-

310 1358 360 1380 tra
375 1350 454 1381 clam
476 1350 589 1388 emisit,
617 1358 653 1381 ut
667 1361 723 1391 per
737 1357 835 1381 castra
848 1350 1013 1381 volitantes
1048 1350 1146 1381 manis
1157 1350 1250 1381 etiam
1261 1350 1379 1382 bellum
1389 1352 1497 1393 gessit;
1511 1352 1565 1383 sed
1574 1351 1668 1394 paulo
1680 1359 1751 1393 post

310 1392 447 1423 militum
470 1393 589 1424 animos
609 1392 840 1432 confirmarent,
858 1401 894 1424 ut
908 1400 1012 1424 narrat
1048 1392 1216 1436 compositfi
1230 1403 1314 1436 pace,
1330 1393 1368 1425 ab
1378 1404 1488 1426 eorum
1502 1394 1642 1438 partibus
1655 1393 1750 1428 stetit.

829 1665 1030 1715 LIBER
1064 1666 1258 1714 XXIV.

679 1801 1077 1858 BREVIARIUM
1099 1803 1390 1846 CAPITUM.

314 1944 333 1976 1
344 1963 352 1974 .
388 1932 552 1974 Graeciae
572 1931 748 1973 civitates
765 1932 855 1974 aliae
873 1931 912 1972 in
931 1933 1031 1974 alias
1049 1944 1264 1988 assurgunt.

312 2001 351 2033 2.
387 1990 591 2031 Ptolemaei
609 1990 833 2031 Macedonis
850 1989 889 2030 in
908 2005 1070 2030 sororem
1090 1992 1281 2033 Arsinoen
1301 1993 1543 2049 conspiratio-

312 2059 351 2091 3.
383 2049 607 2090 Incestuosce
636 2048 835 2089 Ptolenzaei
861 2057 896 2088 et
926 2048 1108 2089 Arsinoes
1137 2049 1277 2106 nuptia:
1311 2050 1472 2105 tragicis
1502 2053 1651 2096 casibus
1679 2057 1753 2098 sol-

427 2116 584 2146 vantur.

310 2173 354 2208 4.
387 2164 605 2213 Gallorum,
633 2162 700 2217 qui
728 2163 971 2205 Ptolemaeum
988 2164 1161 2206 vicerunt
1178 2175 1213 2206 et
1240 2165 1522 2221 interficfrunt‚
1551 2168 1590 2210 in
1610 2169 1751 2212 Mace-

423 2221 572 2261 doniam
591 2220 769 2276 irruptio.

315 2287 355 2322 5.
386 2279 482 2336 Quo
500 2288 770 2332 stratagemate
791 2279 1032 2320 Ptolemaeum
1047 2280 1194 2334 agressi
1206 2281 1296 2334 sint,
1308 2292 1343 2322 et
1362 2284 1622 2339 oppresserint.
1653 2286 1755 2328 Ma-

427 2337 600 2377 cedonum
620 2339 740 2376 luctus
760 2347 795 2376 et
815 2337 1057 2378 instauratio.

314 2404 356 2435 6.
386 2394 487 2435 Alia
519 2394 735 2444 Gallorum,
764 2395 915 2435 Brenno
943 2396 1050 2446 duce,
1079 2394 1117 2434 in
1150 2396 1345 2437 Graeciam
1384 2398 1567 2453 expeditio
1585 2416 1598 2440 .·
1642 2412 1678 2442 et
1710 2404 1755 2443 de

425 2450 641 2506 spoliatione
661 2450 845 2508 Delphici
869 2452 1002 2508 templi
1027 2453 1234 2494 consilium.
1308 2456 1436 2511 Hujus
1463 2458 1594 2513 templi
1610 2469 1645 2500 et
1665 2474 1756 2501 ora-

428 2510 507 2549 culi
522 2508 799 2564 descriptiones.

316 2576 355 2610 ’7.
386 2567 534 2608 Brenni
549 2577 585 2607 et
603 2566 763 2607 aliorum
791 2566 1013 2609 consultatio
1040 2569 1085 2608 de
1113 2570 1247 2626 templi
1272 2570 1543 2627 oppugnatione
1560 2589 1580 2620 ς
1609 2584 1645 2614 et
1664 2574 1756 2614 hor-

425 2624 523 2666 tatio
541 2626 597 2665 ad
611 2624 761 2665 milites.

314 2692 353 2724 s.
387 2682 628 2789 Oppugnatio
655 2682 790 2736 irrita,
823 2694 860 2726 et
889 2684 1010 2725 clades
1043 2683 1196 2727 Gallici
1226 2686 1423 2741 exercitas,
1458 2687 1609 2731 Brenno
1637 2688 1755 2730 inter-

442 2749 536 2782 ecto·
