1903 3076
156 221 209 254 82
392 272 395 275 ἱ
956 215 1185 257 Jusnm

363 290 554 344 Philippo
575 291 714 346 gloriae
735 291 860 332 dedit.
909 292 1027 333 Illum
1047 293 1230 333 vindzcem
1257 291 1464 346 sacrilegii,
1498 290 1607 332 illum
1635 293 1791 335 ultorem

362 348 607 412 religionum·
639 351 736 404 quod
751 350 851 390 orbis
869 349 1017 391 viribus
1036 350 1188 406 expiari
1212 350 1353 402 debuit,
1382 351 1522 390 asolum
1542 348 1610 404 qui
1628 349 1795 407 puzculoe

363 416 537 459 enge‘rct‚
556 407 731 457 extitzsse,
751 407 933 461 dzgrmcm:
955 408 1082 461 itaque
1100 423 1162 462 qut
1183 408 1255 448 diis
1263 420 1307 464 p:
1321 425 1340 445 ι
1344 407 1461 448 ximus
1480 407 1698 458 haberetur,
1716 419 1792 473 per

154 469 248 500 AM
259 470 348 498 3702-
362 479 464 517 quem
484 466 570 504 deor
571 479 632 504 um
646 468 822 520 majestas
835 465 1032 505 vmdicata
1049 463 1113 505 sit.
1146 465 1226 506 Sed
1237 466 1522 517 Athenienses,
1541 464 1684 506 audito
1690 464 1794 506 belli

156 510 350 586 ῧξδῙὲζοῖ
362 529 525 572 eventu,
545 537 596 562 ne
616 523 659 562 in
678 522 885 563 Graeciam
904 522 1121 576 Philippus
1140 522 1337 573 transiret,
1367 523 1568 577 angustias
1587 523 1805 567 Τὴειτιιο.»

155 600 232 632 Ant
237 598 271 633 C.
280 601 350 630 350
361 580 566 634 pylatum,
585 579 673 633 pari
699 579 868 631 ratione,
897 579 1014 621 sicuti
1038 579 1151 622 antea
1172 579 1476 621 advenientibus
1495 580 1642 632 Persis,
1670 595 1795 620 occu-

359 652 531 690 pavere:
556 639 624 677 sed
645 652 903 692 nequaquam
921 637 1047 679 simili
1067 648 1133 679 aut
1152 638 1319 689 virtute,
1339 647 1406 678 aut
1426 652 1564 678 causa:
1587 637 1793 694 siquidem

361 704 453 735 tunc
473 709 546 748 pro
565 695 750 736 libertate
780 694 969 748 Graeciae‚
997 711 1105 737 nunc
1135 711 1208 750 pro
1234 695 1447 750 sacrilegio
1477 695 1665 748 publico3
1696 705 1793 736 tunc

361 753 385 792 ὲ
415 753 554 805 rapina
584 752 764 794 hostium
792 754 945 806 templa
961 753 1220 805 ¹vindicaturi,
1256 767 1360 794 nunc
1391 752 1581 793 adversus
1614 752 1796 793 vindices

360 811 610 863 templorum
625 820 803 864 raptores
819 812 1021 852 defensuri
1036 829 1045 852 ε
1064 813 1268 866 aguntque
1283 820 1599 865 propugnatores
1616 810 1794 860 sceleris,

361 868 474 921 cujus
491 878 606 921 turpe
622 877 705 908 erat
723 868 824 910 alios
840 868 1022 910 vindices
1037 869 1162 910 fuisse
1177 887 1186 910 :
1207 869 1470 909 immemores
1490 868 1665 921 prorsus,
1680 868 1795 923 qudd

359 925 402 965 in
422 926 558 967 dubiis
576 928 695 967 rebus
708 926 813 977 suis,
830 926 902 967 illo
922 930 997 969 deo
1017 927 1141 968 etiam
1161 926 1423 968 consiliorum
1444 934 1605 978 auctore
1620 926 1682 967 usi
1701 927 1795 966 fue-

359 992 470 1023 rant:
501 985 612 1039 qubd
631 984 707 1024 illo
727 986 827 1024 duce
847 993 904 1025 tot
921 986 1030 1026 bella
1057 985 1229 1026 victores
1259 984 1449 1024 inierant:
1484 992 1543 1024 tot
1571 985 1691 1025 urbes
1721 998 1794 1024 au-

360 1040 511 1094 spicato
527 1042 804 1083 condiderant:
823 1051 978 1083 tantum
992 1042 1214 1096 imperium
1228 1042 1333 1083 terra
1346 1041 1528 1096 marique
1542 1041 1794 1097 quaesierant:

359 1099 471 1153 quod
491 1100 595 1139 nihil
616 1099 700 1139 sine
720 1099 925 1152 majestate
944 1099 1127 1141 numinis
1144 1101 1232 1154 ejus
1248 1110 1316 1139 aut
1331 1099 1496 1153 privatae
1513 1113 1708 1154 unquam,
1729 1110 1798 1140 aut

360 1156 537 1209 publicae
557 1157 615 1197 rei
635 1166 852 1214 gesserant.
895 1158 1074 1199 Tantum
1095 1159 1251 1199 facinus
1272 1157 1482 1197 admisisse
1502 1156 1664 1212 ingenia
1684 1155 1797 1197 omni

360 1214 541 1255 doctrin&
558 1216 733 1264 exculta,
753 1216 1036 1268 pulcherrimis
1056 1215 1216 1271 legibus
1237 1214 1511 1269 institutisque
1527 1215 1717 1266 formata,
1735 1224 1796 1265 ut,

361 1272 462 1327 quid
481 1273 649 1326 posthac
671 1287 900 1314 succensere
918 1274 1009 1328 jure
1030 1273 1217 1315 Barbaris
1237 1283 1413 1326 possent,
1435 1288 1514 1313 non
1536 1273 1744 1313 haberent.

154 1333 310 1385 Rhilippm
421 1331 550 1372 CAP.
574 1330 658 1370 III.
690 1331 768 1371 Sed
786 1346 858 1371 nec
879 1331 1096 1386 Philippus
1114 1330 1296 1372 melioris
1324 1329 1417 1370 fidei
1446 1331 1638 1371 adversus
1663 1329 1798 1372 socios

154 1378 350 1449 {isthmia}
363 1387 460 1429 fuit:
485 1389 639 1443 quippe
654 1387 782 1428 veluti
801 1388 961 1441 timens,
982 1405 1031 1429 ne
1051 1392 1102 1430 ab
1117 1389 1297 1430 hostibus
1318 1387 1520 1443 sacrilegii
1541 1388 1689 1428 scelere
1705 1387 1796 1442 vinf

155 1441 254 1491 viimi).
364 1456 534 1496 ceretur‚
566 1445 777 1496 ¹civitates,
798 1462 969 1502 quarum
989 1445 1110 1500 paulo
1129 1447 1218 1487 ante
1241 1449 1324 1487 dux
1342 1447 1487 1496 fuerat,
1516 1461 1607 1500 quae
1628 1447 1702 1486 sub
1721 1460 1795 1486 au-

363 1504 500 1556 spiciis
515 1504 600 1557 ejus
616 1503 908 1556 militaverant,
926 1520 1016 1560 quae
1031 1506 1236 1560 gratulatae
1252 1504 1316 1544 illi
1332 1504 1491 1560 sibique
1505 1503 1718 1544 victoriam
1728 1504 1797 1544 fu-

363 1571 487 1611 erant,
505 1561 703 1602 hostiliter
715 1571 932 1615 occupatas
947 1563 1131 1616 diripuit:
1152 1563 1343 1616 conjuges
1359 1561 1593 1616 liberosque
1608 1560 1797 1602 omnium

362 1622 437 1660 sub
468 1620 611 1660 coron&
641 1618 848 1669 vendidit;
879 1635 958 1661 non
988 1622 1156 1661 deorum
1185 1619 1478 1660 immortalium
1505 1619 1686 1672 templis,
1717 1634 1797 1660 non

364 1678 516 1720 :edibus
542 1676 676 1726 sacris,
707 1692 786 1717 non
805 1678 884 1718 diis
904 1678 1116 1731 penatibus
1137 1677 1314 1731 publicis
1336 1676 1602 1731 privatisque,
1624 1678 1673 1716 ad
1694 1692 1798 1732 quos

362 1737 482 1789 paule>
501 1735 589 1776 ante
605 1734 808 1789 ingressus
822 1735 1078 1788 hospitaliter
1093 1737 1237 1786 fuerat,
1258 1735 1456 1788 pepercit:
1481 1735 1643 1787 prorsus
1655 1744 1701 1776 ut
1715 1750 1797 1776 non

362 1804 445 1835 tam
459 1791 661 1847 sacrilegii
673 1793 780 1833 ultor
792 1793 990 1844 extitisse,
1007 1794 1133 1849 quam
1145 1793 1451 1862 sacrilegiorum
1461 1792 1669 1833 licentiam
1685 1807 1798 1847 quae·

154 1865 231 1906 Lege
245 1864 319 1895 ca:
364 1852 458 1893 sisse
479 1851 697 1892 videretur.
731 1850 842 1900 Inde,
863 1852 992 1892 veluti
1011 1853 1131 1892 rebus
1151 1851 1314 1906 egregie
1336 1850 1472 1906 gestis,
1490 1850 1534 1890 in
1556 1851 1793 1903 ²Cappado-

157 1908 261 1949 spiam.
363 1910 471 1950 ciam
489 1908 653 1963 trajicit:
677 1908 763 1960 ubi,
782 1909 893 1949 bello
913 1908 1001 1963 pari
1021 1908 1187 1962 perfidia
1206 1918 1319 1964 gesto
1338 1909 1548 1963 captisque
1568 1921 1658 1972 per·
1654 1909 1796 1948 dolum
1819 1914 1827 1923 ”

365 1977 403 2008 et
423 1966 568 2007 occisis
587 1965 769 2007 finitimis
789 1966 967 2020 regibus,
988 1966 1087 2007 univ
1089 1981 1218 2007 ersam
1239 1965 1492 2020 provinciam
1514 1964 1685 2018 imperio
1699 1966 1796 2005 Ma-

365 2024 541 2065 cedoniae
563 2023 760 2078 adjungit.
801 2023 818 2049 ¹³
832 2024 993 2065 Deinde
1012 2026 1061 2065 ad
1082 2026 1321 2064 abolendam
1340 2023 1505 2063 invidiae
1526 2023 1694 2074 famam,
1713 2038 1794 2078 qua

365 2082 536 2137 insignis
556 2090 697 2135 praeter
714 2091 874 2126 caeteros
890 2090 986 2123 tunc
1004 2082 1196 2136 temporis
1216 2082 1454 2130 habebatur,
1474 2094 1543 2133 per
1559 2095 1684 2135 regna
1698 2081 1795 2122 mit-

364 2140 426 2192 tit,
456 2150 494 2180 et
514 2138 838 2194 opulentissimas
860 2138 1060 2193 civitates,
1090 2139 1160 2195 qui
1181 2138 1412 2194 opinionem
1440 2148 1627 2189 sererent,
1655 2153 1795 2194 regem

895 2245 1090 2277 INTERPR
1097 2244 1271 2279 ETATIO.

410 2299 425 2318 ²
443 2300 536 2330 Solum
547 2297 849 2340 Philippumdignum
860 2300 985 2339 esse,qut'
1000 2305 1063 2329 tan·
1101 2297 1217 2339 aliquos
1243 2297 1260 2327 ὲ
1283 2295 1352 2333 suiS,
1377 2302 1407 2327 ut
1431 2298 1550 2328 dicerent
1570 2298 1680 2338 palam,
1704 2310 1797 2339 regen

365 2348 397 2373 ta
409 2342 558 2391 sacrilegia
565 2343 691 2382 puniret
1102 2341 1268 2381 Philippum
1291 2342 1357 2370 dure
1378 2346 1469 2369 mutuo
1489 2351 1617 2381 magnam
1632 2343 1692 2370 vim
1709 2347 1796 2382 pecu·

411 2385 429 2409 b
454 2382 553 2413 Post
531 2396 554 2412 a
569 2390 600 2413 ut
621 2385 719 2414 deleret
741 2385 858 2414 onmium
877 2384 905 2413 in
927 2395 954 2412 se
968 2384 1067 2420 odium,
1101 2385 1153 2413 111¹ae
1180 2384 1218 2411 ad
1244 2384 1340 2412 mania
1367 2388 1394 2411 et
1421 2383 1526 2422 templa
1559 2386 1710 2412 extruenda
1739 2390 1775 2424 pe
1764 2395 1798 2412 er

368 2438 419 2468 quo
431 2426 509 2456 labor
511 2426 576 2456 that
596 2438 623 2456 eo
637 2432 661 2455 t
651 2433 758 2467 mpore
779 2427 879 2466 magis,
898 2424 980 2466 qmim
986 2426 1065 2455 alius
1101 2427 1241 2462 civitates,
1262 2430 1288 2454 et
1313 2431 1343 2454 ut
1364 2425 1556 2460 hortarentur,
1576 2431 1629 2465 per
1645 2432 1795 2466 peaeconee.

368 2471 483 2511 qui-vim
503 2475 559 2509 per
578 2480 664 2509 regna
684 2474 712 2500 et
730 2469 882 2499 ditissimas
897 2468 976 2498 urbes
989 2469 1066 2498 misit
1096 2469 1260 2509 praepositQ·
1273 2467 1396 2498 tributis.

1003 2542 1173 2573 NOTAE.

412 2595 837 2637 1.Civitate1‚quarum,&c.]
860 2595 1037 2635 Ingressus
1029 2605 1059 2625 ιιι
1095 2594 1232 2626 citantia.
1276 2591 1470 2637 Cappadocia
1488 2593 1570 2625 enim
1593 2593 1624 2624 id
1646 2593 1797 2636 temporis

364 2638 556 2670 Thessaliam
573 2637 688 2669 Pheras
701 2638 829 2668 amicam
852 2637 936 2679 prius
954 2637 1061 2668 civita·
1099 2637 1196 2668 Persis
1206 2637 1342 2678 parebat,
1353 2637 1547 2678 quibuscum
1557 2636 1682 2688 Philipp
1685 2647 1718 2667 us
1727 2637 1794 2668 bel-

365 2689 430 2712 tem
439 2680 610 2729 occupavit,
622 2693 657 2710 ex
668 2681 809 2710 Demoseh.
836 2681 870 2709 In
882 2678 1059 2720 Philippum
1097 2679 1161 2710 lum
1177 2689 1237 2710 non
1251 2680 1356 2721 gessit,
1377 2679 1429 2710 sed
1445 2678 1636 2710 Chalcidicas
1648 2680 1679 2709 Γ
1681 2679 1794 2710 hraciae

364 2722 457 2765 paulo
474 2723 570 2755 acrius
585 2722 740 2753 invehitur
757 2723 771 2753 J
777 2729 902 2756 ustinus
1097 2721 1187 2752 urbes
1199 2722 1335 2762 adortus,
1351 2732 1400 2754 eas
1415 2721 1464 2754 vel
1475 2721 1608 2765 subegit,
1623 2721 1672 2753 vel
1685 2721 1792 2756 diruit,
1825 2740 1835 2749 =

408 2764 682 2807 2.c.1ppad0ciam.]
704 2765 782 2798 Haec
797 2764 875 2797 mita
891 2763 1000 2797 §.ustini
1012 2774 1058 2796 os·
1096 2777 1130 2797 ex
1146 2764 1262 2796 Diodor
