1903 3076
574 191 689 234 LIB.
711 191 966 235 XXXVII.
1000 193 1132 236 CAP.
1163 192 1225 236 ΙΙ.

152 271 247 316 inde
267 271 354 316 vita
374 273 578 325 adempta.
627 272 827 328 Namque
847 272 1039 324 Laodice,
1059 289 1111 315 ex
1132 289 1302 316 numero
1321 289 1393 316 sex
1413 274 1608 325 filiorum,

151 347 255 388 quos
271 331 404 373 virilis
425 329 548 372 sexfis
567 345 620 371 ex
640 331 860 372 Ariarathe
879 347 974 387 rege
1005 342 1247 386 susceperat,
1268 333 1414 375 timens
1445 350 1494 374 ne
1527 350 1607 375 non

152 390 352 432 diutinam
374 388 489 444 regni
509 388 899 431 administrationem
930 391 1080 431 adultis
1111 391 1356 445 quibusdam
1393 392 1610 445 potiretur,

150 447 335 504 quinque
355 446 582 501 paricidiali
601 442 759 489 v'eneno
778 447 938 489 necavit
955 465 963 488 :
1017 453 1032 472 ²
1050 464 1176 489 unum
1199 450 1433 503 parvulum,
1464 451 1608 491 sceleri

150 506 295 547 matris
313 515 580 561 cognatorum
600 506 779 546 custodia
798 505 965 560 eripuit,
1004 507 1075 562 qui
1111 515 1202 560 post
1235 522 1375 547 necem
1408 509 1606 549 Laodices

155 564 275 619 (nam
290 575 454 618 propter
470 563 754 605 crudelitatem
767 579 858 604 eam
880 565 1057 617 populus
1077 565 1328 621 extinxerat)
1352 567 1461 606 solus
1482 581 1607 621 regno

149 621 304 676 potitus
323 630 400 663 est.
463 626 474 643 ¹
495 621 758 663 Mithridates
777 637 941 677 quoque
963 623 1173 676 repentina
1194 632 1326 665 morte
1346 623 1608 677 interceptus,

151 679 298 729 filium,
338 679 410 734 qui
448 688 489 720 et
517 679 604 733 ipse
636 679 896 720 Mithridates
925 680 1055 724 dictus
1085 689 1160 732 est,
1189 681 1385 736 reliquit3
1417 683 1530 736 cujus
1561 698 1608 723 ea

151 738 296 791 postea
333 737 574 792 magnitudo
614 737 705 788 fuit,
754 747 798 777 ut
827 753 907 778 non
940 738 1002 779 sui
1030 747 1185 778 tantum
1217 739 1429 792 temporiS‚
1462 756 1609 780 verum

151 794 274 836 etiam
298 795 516 850 superioris
537 796 663 836 aetatis
684 810 824 836 omnes
845 811 961 851 reges
981 797 1190 850 majestate
1214 798 1480 850 superaverit,
1519 799 1608 839 bel-

150 852 275 909 laque
306 869 401 894 cum
432 853 635 894 Romanis
664 868 737 906 per
767 857 900 894 ²XLV1
923 869 1047 895 annos
1068 855 1181 894 varia
1211 855 1384 896 victoria
1409 856 1605 911 gesserit:

152 912 249 952 curn
271 927 366 953 eum
389 911 541 953 summi
571 912 838 965 imperatores
868 912 1028 968 3Slea,
1058 912 1272 963 Lucullus,
1304 915 1536 970 caeterique,
1566 914 1611 955 in

152 970 314 1011 summa
337 970 476 1010 Gneus
498 969 734 1024 Pompeius,
765 968 782 993 ¹³
800 969 855 1010 ita
875 970 1061 1021 vicerint,
1091 980 1138 1012 ut
1167 971 1298 1024 major
1319 973 1546 1026 clariorque
1567 972 1610 1012 in

151 1031 412 1069 restaurando
431 1028 541 1068 bello
561 1036 803 1084 resurgeret,
825 1028 1066 1083 damnisque
1086 1029 1168 1069 suis
1185 1029 1408 1070 terribilior
1424 1033 1610 1071 reddere-

153 1093 236 1128 tur.
296 1086 492 1142 Denique
512 1088 562 1126 ad
593 1097 861 1139 postremum,
896 1102 977 1127 non
997 1097 1041 1127 ut
1061 1087 1214 1136 hostili,
1246 1089 1316 1127 sed
1346 1092 1361 1114 ⁴
1383 1087 1611 1129 voluntaria

152 1153 299 1196 morte,
319 1144 361 1185 in
383 1145 493 1185 avito
513 1159 653 1200 regno,
674 1147 688 1172 ⁵
707 1144 853 1196 Senex,
870 1146 1028 1185 haerede
1049 1145 1149 1196 filio,
1169 1145 1354 1186 decessit.

1745 209 1772 242 N.)

1778 209 1799 244 -1

213 1203 346 1244 CAP.
361 1203 421 1243 ΙΙ.
440 1203 577 1256 Hujus
590 1202 772 1243 futuram
785 1203 1108 1257 magnitudinem
1121 1203 1243 1245 etiam
1259 1202 1446 1245 coelestia
1458 1211 1612 1245 ostenta
1628 1217 1826 1248 Mithridatis

152 1261 438 1315 praedixerant.
488 1260 602 1301 Nam
619 1270 657 1300 et
680 1276 727 1301 eo
744 1276 827 1316 quo
840 1261 1000 1316 genitus
1013 1269 1074 1302 est
1089 1277 1209 1312 anno,
1227 1270 1265 1302 et
1282 1277 1330 1302 eo
1347 1277 1427 1317 quo
1444 1262 1729 1316 regnarefutura
1745 1272 1826 1301 mag-

153 1319 338 1373 primum
356 1318 504 1371 coepit,
533 1320 679 1359 cstella
709 1327 888 1359 cometes
918 1335 989 1373 per
1018 1325 1267 1374 ⁷utrumque
1298 1328 1461 1373 tempus
1490 1325 1610 1374 Ssep-

151 1376 341 1432 tuaginta
360 1377 509 1418 diebus
529 1375 586 1418 ita
606 1377 730 1428 luxit,
746 1386 789 1416 ut
806 1378 967 1417 coelum
985 1393 1104 1418 omne
1125 1378 1371 1433 conflagrare
1389 1378 1611 1419 videretur.

151 1435 270 1476 Nam
300 1443 341 1476 et
361 1432 641 1492 magnitudine
662 1434 725 1475 sui
746 1444 932 1490 quartam
947 1446 1103 1490 partem
1121 1436 1226 1477 coeli
1246 1445 1541 1492 occupaverat5
1573 1447 1612 1478 et

696 1562 1077 1595 INTERPRETATIO.

194 1640 212 1662 ἢ
239 1642 359 1684 Cognati
384 1639 571 1672 custodierunt
595 1639 761 1682 diligenter
784 1640 862 1672 clam
904 1642 945 1672 rit
973 1643 1091 1683 majores
1124 1642 1202 1671 vires
1225 1643 1265 1670 od
1282 1641 1381 1671 bellum
1411 1643 1610 1682 reparandum.

153 1697 238 1715 unum
255 1686 415 1727 parvulum
429 1696 463 1714 ne
485 1690 576 1715 mater
601 1696 659 1714 eum
685 1685 769 1714 etiam
794 1687 863 1715 occi·
945 1684 960 1703 c
980 1685 1082 1721 Stella,
1104 1696 1163 1725 quae
1184 1686 1288 1714 dicitur
1313 1685 1445 1723 Cometes,
1467 1686 1509 1715 ita
1533 1685 1611 1716 luxit

153 1730 237 1759 deret.
904 1728 952 1757 diu
972 1733 999 1758 et
1013 1733 1090 1757 noctu
1108 1734 1163 1768 per
1176 1729 1231 1758 dics
1246 1728 1437 1769 septuaginta.

194 1771 213 1797 b
230 1771 281 1802 Ita
295 1782 355 1802 eum
368 1770 580 1812 superaverint,
599 1775 630 1801 ut
642 1775 750 1813 :emper
763 1770 864 1801 babue-

783 1880 978 1912 NOTAE.

1386 1957 1499 1965 ...ο

201 1963 229 1992 1.
244 1959 441 1991 Mithridates
455 1955 581 1999 quoque]

1626 1306 1728 1334 nitu-io.

1631 1345 1738 1388 Orcupa
1742 1348 1810 1376 riom
1816 1360 1824 1373 c

161 2013 276 2035 nomen
290 2001 362 2038 fuit,
375 2001 439 2043 ejus
455 2000 530 2031 vero
546 1999 628 2030 filius
649 2001 788 2040 Eupator
804 1999 867 2030 dic-

155 2055 207 2079 tus
221 2052 277 2077 est.
319 2046 370 2075 Ex
382 2046 518 2086 Appiano
534 2049 559 2073 et
572 2044 717 2083 Dionyn’o.

197 2093 229 2122 2.
245 2097 326 2119 xrvi
342 2086 453 2129 annos.]
495 2087 582 2126 Quot
603 2086 690 2115 annis
714 2084 773 2115 hoc
798 2082 864 2115 bel-

154 2130 224 2164 lurn
260 2129 432 2166 duraverit,
466 2129 620 2159 incertum
634 2143 642 2158 ι
683 2126 803 2158 Plinius
832 2133 863 2157 et

156 2173 287 2207 Orosius
301 2172 430 2214 triginta
441 2181 534 2201 annos
549 2178 723 2200 numerant.
756 2169 863 2200 Florus

155 2225 189 2249 et
203 2215 372 2258 Eutropius
383 2213 599 2256 quadraginta,
610 2212 775 2254 Appianus
788 2222 863 2253 qua·

155 2260 301 2303 draginta
316 2259 387 2289 duo.
431 2257 462 2287 Si
485 2263 589 2286 tamen
614 2255 692 2286 ratio
714 2255 864 2296 temporis

155 2303 175 2335 a
190 2310 295 2345 coepto
316 2300 399 2332 bello
421 2300 552 2336 ineatur,
571 2308 666 2329 annos
680 2297 804 2329 tantum
820 2297 862 2328 vi-

156 2345 238 2389 ginti
252 2354 367 2376 novem
383 2341 526 2384 reperias.
844 2382 850 2388 ι

201 2393 230 2420 3.
246 2389 328 2430 Sylla
353 2383 515 2426 Lucullus]
557 2384 608 2414 De
632 2382 669 2413 iis
693 2392 755 2413 non
785 2382 864 2414 nihil

157 2431 265 2476 postea
273 2431 410 2462 dicetur:
429 2427 482 2458 sed
491 2426 627 2458 breviter
639 2424 706 2456 haec
717 2425 863 2467 perstrin-

157 2476 205 2518 git
221 2474 370 2508 lustinus,
383 2471 455 2514 quia
466 2477 550 2500 notae
564 2467 709 2499 omnibus
722 2476 811 2500 erant
826 2468 864 2498 de

157 2516 349 2550 Mithridate
363 2514 487 2546 illorum
503 2512 618 2542 ducum
632 2510 782 2543 victoriae.

199 2563 232 2591 4.
248 2560 282 2591 V
278 2556 421 2591 aluntur-1⁰5
435 2554 548 2597 morta]
582 2555 615 2585 A
631 2554 789 2585 Pharnace
798 2551 862 2585 filio

179 2602 212 2634 ui
224 2600 263 2633 ab
278 2600 415 2634 exercitu
428 2598 529 2630 fuerat
542 2599 609 2628 Rex
621 2596 780 2636 salutatus,
791 2597 863 2628 insi·

157 2614 216 2678 diis
224 2655 263 2688 ap
286 2645 380 2676 etitus
387 2640 600 2676 Mithridates,
609 2640 861 2681 venenum,quod

158 2698 229 2720 arca
242 2655 382 2730 gradium
408 2682 562 2728 perpetuo
586 2681 717 2719 ferebat,
740 2682 859 2713 sumsit.

157 2731 242 2767 Cim
256 2727 334 2763 vero
347 2728 388 2762 ob
397 2725 609 2772 quotidianam
620 2724 860 2768 pharmacorum

898 2007 945 2031 ret
958 2012 966 2037 3
990 1999 1041 2030 vel
1055 1999 1072 2030 a
1089 1999 1252 2030 Gallorum
1265 2000 1342 2031 duce
1353 2001 1450 2032 occidi
1463 2012 1494 2032 se
1505 2001 1608 2042 jussit,

898 2051 933 2073 ut
949 2042 1044 2073 habet
1061 2043 1189 2080 Florus;
1220 2042 1270 2073 vel
1287 2053 1357 2074 cum
1373 2043 1479 2085 gladio
1495 2055 1526 2074 se
1540 2045 1605 2075 ictu

898 2096 959 2115 non
975 2084 1138 2116 mortifero
1152 2085 1300 2126 petiisset,
1317 2085 1333 2116 a
1343 2086 1519 2126 juvenibus,
1527 2097 1605 2129 quos

897 2128 927 2158 in
945 2127 1043 2158 filium
1062 2128 1196 2163 miserat,
1212 2127 1322 2168 gladiis
1338 2128 1492 2159 confossus
1508 2137 1563 2160 est.

940 2174 970 2202 5.
993 2170 1109 2212 Senem]
1150 2173 1261 2201 Annos
1275 2180 1346 2201 octo
1361 2171 1411 2201 vel
1426 2181 1540 2202 novem
1556 2182 1604 2203 su-

899 2213 954 2255 pra
969 2213 1126 2256 sexaginta
1142 2213 1231 2251 vixit,
1241 2226 1276 2243 ex
1291 2216 1426 2255 Appiano
1435 2228 1445 2249 ,-
1471 2213 1521 2245 vel
1536 2225 1604 2256 sep·

899 2256 1039 2297 tuaginta
1055 2256 1128 2294 duo,
1139 2269 1173 2286 ex
1190 2257 1328 2298 Eutropio
1341 2271 1352 2292 ,·
1375 2266 1438 2287 non
1452 2259 1603 2299 nonagin-

900 2306 931 2329 ta
945 2299 1020 2335 duo,
1036 2306 1070 2330 ut
1085 2298 1153 2329 vult
1169 2298 1314 2330 Justinus.

939 2345 970 2373 6.
1005 2342 1095 2372 Stella
1123 2341 1259 2383 cometes]
1324 2341 1449 2373 Dicitur
1486 2342 1604 2374 ovidio

896 2386 977 2415 stella
990 2396 1109 2422 comam,
1124 2383 1226 2415 Plinio
1235 2391 1267 2415 et
1276 2384 1344 2415 aliis
1356 2388 1431 2416 sidus
1445 2388 1577 2416 crinitum
1590 2399 1602 2416 ι

897 2434 942 2458 est
957 2426 1040 2457 enim
1054 2433 1156 2458 cometa
1171 2437 1232 2457 vox
1253 2427 1419 2469 adjectiva,
1443 2427 1504 2468 qua
1530 2428 1603 2458 cun

899 2473 1052 2500 Auctores
1065 2469 1204 2500 absolute
1219 2477 1363 2509 utuntur,
1385 2469 1505 2501 stellam
1531 2469 1604 2501 sub·

896 2511 1085 2552 intelligunt.

940 2558 967 2586 7.
985 2557 1139 2598 Utrumque
1152 2554 1282 2598 tempusa]
1324 2556 1429 2588 Noctu
1441 2554 1556 2587 scilicet
1569 2561 1603 2588 et

897 2597 1041 2629 interdiu.

938 2643 968 2671 8.
981 2640 1168 2683 Septuaginta
1177 2640 1292 2683 diebus]
1323 2640 1462 2683 Spatium
1475 2650 1538 2682 quo
1550 2650 1603 2672 co·

894 2691 986 2714 metae
1000 2691 1181 2720 cernuntur,
1191 2683 1408 2715 brevissimum
1417 2690 1464 2715 est
1477 2683 1601 2715 dierum

895 2732 1025 2769 septem,
1037 2725 1253 2770 longissimum
1267 2727 1436 2770 octoginta,
1448 2739 1484 2760 ex
1494 2728 1601 2769 Plinig,
