1903 3076
627 189 741 232 ΠΒ.
761 189 802 232 Ῑ.
832 188 962 233 CAP.
983 191 1071 233 IX.

113 287 169 316 ex
189 271 333 315 amicis
363 269 532 326 delegit,
561 272 575 289 ¹
592 271 757 312 nomine
795 271 1008 312 Cometen.
1069 269 1240 314 Interim
1273 270 1376 325 ipse,
1406 279 1421 298 ²
1437 270 1575 326 gladio

119 333 192 374 sua
227 340 367 385 sponte
400 329 632 384 evaginato,
661 330 706 371 in
741 331 898 370 femore
931 331 1108 385 graviter
1142 330 1392 381 vulneratus,
1422 337 1436 362 ³
1452 344 1576 370 occu-

119 395 234 439 buit3
251 387 473 443 poenasque
496 387 589 438 luit,
609 403 682 429 seu
700 388 891 442 imperati
912 387 1138 443 parricidii,
1159 403 1229 429 seu
1259 388 1465 445 sacrilegii
1482 403 1578 442 per-

112 447 282 506 petrati.
354 448 448 502 Quo
478 446 631 488 nuncio
667 459 849 502 accepto,
888 454 905 476 ⁴
919 462 1064 503 magus
1094 457 1111 475 ⁸
1125 454 1216 488 ante
1247 447 1404 488 famam
1435 445 1580 488 amissi

118 506 226 562 regis
246 516 417 559 occupat
438 505 628 556 facinu53
661 507 945 561 prostratoque
977 504 1184 561 Mergide,
1215 505 1283 546 cui
1303 520 1475 560 regnum
1506 507 1580 546 de—

119 566 305 614 bebatur,
326 565 494 605 fratrem
513 578 634 605 suum
665 564 838 619 subjecit
859 566 1104 618 Oropasten.
1165 566 1268 606 Erat
1287 564 1401 604 enim
1423 564 1461 604 ei
1482 564 1582 615 oris,

118 631 162 665 et
181 625 378 676 corporis,
409 622 666 664 lineamentis
695 623 947 676 persimilis3
979 638 1026 664 ac
1055 623 1220 665 nemine
1252 625 1416 663 subesse
1436 623 1580 663 dolum

119 682 353 729 arbitrante,
387 696 461 735 pro
475 681 674 734 *Mergide
695 697 767 722 rex
795 687 810 712 ⁵
822 682 1021 735 Oropasta
1038 681 1317 723 constituitur.
1390 681 1496 736 Quae
1517 695 1582 722 res

119 741 169 782 εὸ
183 741 378 781 occultior
395 740 489 790 fuit,
507 741 616 794 quod
636 743 743 793 apud
760 742 902 782 Persas
924 755 1095 793 persona
1113 742 1221 796 regis
1242 741 1316 781 sub
1337 740 1471 793 specie
1492 755 1582 780 rna-

113 801 277 857 'jestatis
288 799 506 840 occulitur.
540 797 673 854 Igitur
689 799 815 854 magi,
835 801 887 840 ad
901 799 1087 840 favorem
1105 800 1249 853 populi
1265 799 1583 848 conciliandum,

123 861 142 887 b
157 858 299 900 tributi
323 868 363 898 et
379 857 538 898 militiae
562 857 819 898 vacationem
837 856 881 898 in
901 856 1120 898 triennium
1139 857 1398 911 permittunt:
1422 868 1468 898 ut
1488 871 1582 911 reg-

110 931 240 966 .num,
268 918 381 972 quod
401 916 544 957 fraude
562 916 823 972 quaesierant,
843 915 1097 971 indulgentia
1117 929 1156 957 et
1174 915 1466 971 largitionibus
1482 930 1584 956 con-

123 975 346 1018 firmarent.
404 975 509 1031 Quae
538 990 603 1016 res
632 982 820 1028 suspecta
854 974 991 1029 primo
1020 974 1165 1018 Ostani
1184 975 1273 1015 viro
1303 974 1450 1024 nobili,
1479 982 1522 1015 et
1537 973 1583 1014 in

125 1033 371 1087 conjecturis
391 1032 669 1090 sagacissimo,
691 1034 786 1075 fuit.
839 1034 982 1089 Itaque
996 1048 1069 1088 per
1087 1032 1352 1074 internuntios
1368 1034 1513 1089 quaerit
1531 1034 1585 1074 de

124 1091 226 1143 filia,
241 1107 331 1147 quae
352 1092 455 1135 inter
472 1093 606 1147 regias
625 1092 794 1147 pellices
813 1101 912 1144 erat,
922 1108 973 1134 an
992 1092 1098 1147 Cyri
1117 1092 1224 1149 regis
1243 1092 1352 1133 filius
1373 1106 1446 1133 rex
1462 1100 1584 1134 esset.

129 1151 223 1200 Illa,
244 1166 309 1194 nec
328 1168 366 1193 se
385 1152 508 1209 ipsam
527 1151 640 1201 scire,
660 1152 733 1203 ait,
752 1167 818 1192 nec
834 1169 879 1192 ex
898 1151 982 1193 alia
992 1162 1102 1207 posse
1120 1167 1332 1206 cognoscere
1349 1166 1363 1192 .·
1391 1149 1486 1206 quia
1504 1149 1586 1191 sin-

111 1209 228 1266 gula·
246 1211 455 1266 separatim
470 1211 733 1252 recludantur.
767 1210 879 1251 Tum
895 1220 1137 1264 pertrectare
1152 1209 1368 1252 dormienti
1382 1217 1504 1263 caput
1514 1208 1586 1263 ju-

128 1271 214 1310 bet.
245 1268 362 1309 Nam
383 1284 505 1324 mago
524 1271 541 1297 ⁶
556 1268 787 1324 Cambyses
802 1283 920 1309 aures
935 1267 1125 1324 utrasque
1147 1269 1402 1322 praeciderat.
1439 1267 1587 1310 Factus

130 1326 279 1368 deinde
300 1342 371 1381 per
392 1327 520 1368 filiam
539 1327 700 1376 certior,
721 1327 807 1368 sine
829 1327 997 1368 auribus
1015 1342 1101 1368 esse
1121 1327 1299 1382 Regem,
1318 1325 1589 1379 optimatibus

128 1386 347 1429 Persarum
368 1400 456 1427 rem
475 1385 647 1427 indicat:
672 1397 710 1426 et
726 1391 742 1411 c
754 1385 799 1426 in
816 1387 968 1428 caedem
985 1385 1080 1426 falsi
1092 1385 1200 1441 regis
1220 1386 1438 1439 impulsos,
1452 1398 1589 1426 sacra-

128 1443 259 1487 menti
280 1443 479 1499 religione
496 1444 728 1499 obstringit.
779 1445 948 1498 Septem
967 1444 1125 1484 tantum
1144 1443 1298 1485 conscii
1327 1444 1444 1484 fuere
1463 1441 1589 1496 hujus

130 1502 438 1559 conjurationis,
458 1504 477 1530 ‘²
489 1502 631 1559 quiex
645 1502 882 1556 continenti,
900 1506 916 1529 ⁷
931 1518 997 1556 ne,
1015 1505 1111 1545 dato
1129 1502 1171 1544 in
1192 1501 1477 1558 paenitentiam
1495 1514 1591 1554 spa·

672 1606 1056 1638 INTERPRETATIO.

178 1678 196 1700 ⁸
214 1679 292 1710 Ante
318 1692 456 1711 rumorem
471 1689 610 1722 sparsum
620 1681 651 1709 de
659 1686 747 1710 morte
761 1680 848 1722 Regis

924 1679 941 1698 c
959 1679 1044 1710 Facit
1059 1685 1091 1710 ut
1105 1691 1135 1710 te
1146 1681 1312 1722 juramento
1333 1678 1453 1720 obligent
1469 1689 1500 1708 se
1512 1689 1590 1708 mor*-

134 1724 239 1757 cn'men
269 1725 446 1765 aggreditur,
472 1724 606 1765 occisbque
637 1724 788 1764 Mergide‚
819 1725 847 1753 in
881 1723 1010 1764 temjicto
1024 1723 1100 1764 Regi
1112 1724 1253 1753 illaturos.

134 1767 194 1808 ejus
225 1766 313 1796 locum
333 1767 468 1808 fratrem
493 1779 572 1797 suum
601 1768 705 1797 inducit
738 1766 848 1808 Oropu-

135 1816 207 1841 sten.

922 1765 941 1790 d
970 1765 1029 1805 Qui
1049 1768 1186 1804 continuo,
1209 1777 1243 1795 ne
1264 1766 1327 1807 quis
1348 1771 1454 1805 tempus
1476 1763 1591 1794 baberet

880 1812 1045 1839 sententiam
1072 1810 1198 1839 mutandi
1222 1815 1249 1838 et
1276 1810 1430 1850 coty'uratio
1455 1809 1594 1849 detegere·

178 1852 200 1879 b
218 1852 395 1883 Permittunt
415 1858 447 1882 ut
461 1851 570 1894 populi
591 1852 698 1882 tribula
712 1861 775 1882 non
790 1849 849 1883 sol·
881 1859 942 1888 tur,
960 1849 1077 1882 vtentalum
1099 1854 1129 1882 in
1147 1852 1304 1894 palatium,
1322 1852 1420 1893 gladio
1437 1851 1493 1881 sub
1514 1855 1594 1881 veste

137 1903 226 1932 vant,
243 1908 291 1926 nec
300 1902 408 1938 gerant
421 1907 504 1927 arma
515 1903 571 1938 per
585 1902 643 1926 tres
657 1907 752 1926 annos.

880 1896 1024 1926 occultato.

782 1965 951 1997 NOTAE.

185 2037 211 2067 1.
236 2035 360 2065 Nomine
377 2032 524 2076 Cometen]
539 2035 678 2065 Vocatur
692 2032 730 2064 ab
746 2034 850 2064 Hero-

139 2077 217 2109 doto
241 2079 429 2119 Prexaspe53
447 2076 465 2108 a
481 2075 597 2114 Ctesia‚
619 2077 849 2117 Spendadatus:

142 2119 195 2151 sed
207 2119 246 2151 de
255 2129 370 2161 genere
382 2119 492 2151 mortis
502 2129 564 2150 non
575 2120 785 2150 consentiunt:
801 2119 851 2149 ille

142 2163 227 2194 enim
241 2162 309 2193 vult
331 2162 464 2193 occisum
480 2162 498 2192 a
514 2163 680 2202 Prexaspe,
700 2162 776 2192 dum
799 2172 852 2192 ve-

142 2213 291 2237 naretur:
324 2205 375 2236 hic
404 2205 591 2246 Spendadati
623 2205 732 2235 fraude
757 2213 852 2236 noctu

142 2248 254 2287 hausto
269 2248 392 2279 taurino
407 2248 554 2288 sanguine
568 2246 777 2278 intersectum.

188 2296 218 2322 2.
235 2292 338 2322 Gladio
352 2290 530 2333 evaginata]
581 2290 646 2321 Alii
666 2290 756 2321 aliter
774 2290 856 2322 illius

144 2341 282 2365 mortem
296 2341 432 2367 narrant.
473 2332 587 2364 Strabo
598 2333 616 2364 a
633 2333 741 2374 Magis
754 2333 856 2365 subla-

145 2385 216 2410 tum
231 2377 325 2408 dicit:
352 2376 470 2409 Ctesias
484 2375 676 2417 Babylonem
691 2376 862 2413 accessisse,

146 2428 181 2452 et
196 2419 237 2450 ibi
261 2419 381 2461 lignum
407 2419 508 2450 cultro
531 2419 713 2459 polientem,
733 2427 858 2461 tempus

151 2472 186 2494 ut
197 2461 330 2498 falleret,
348 2472 420 2493 cum
431 2461 559 2492 femoris
570 2469 763 2502 percussmset
774 2472 857 2493 mus-

148 2506 256 2536 culum
269 2513 432 2536 mortuum
441 2515 514 2536 esse.
548 2508 594 2535 At
606 2504 725 2535 Herod.
737 2505 751 2536 J
756 2505 858 2535 ustino

149 2548 314 2587 consentit,
345 2548 399 2578 ubi
420 2548 503 2585 enim
533 2548 652 2588 accepit
680 2557 813 2588 regnum
839 2547 858 2579 a

149 2592 250 2632 magis
266 2599 465 2632 occupatum,
480 2589 523 2620 ἰι-ἂ
531 2591 682 2628 concitus,
694 2591 725 2620 in
742 2600 858 2632 equum

117 2660 125 2667 .
151 2634 268 2670 insiliit,
284 2643 315 2664 er.
329 2633 512 2672 exercitum,
528 2641 559 2663 ut
575 2643 642 2663 erat
656 2633 760 2663 animo
779 2644 859 2674 prae-

153 2687 238 2718 ceps,
251 2676 347 2718 quam
361 2676 426 2707 cito
442 2678 516 2707 Susa
528 2676 635 2706 vei-siis
649 2675 708 2705 iter
723 2677 860 2717 arripere

150 2720 251 2793 jusgit3
263 2720 316 2752 sed
325 2719 357 2751 in
371 2718 491 2751 femore
505 2718 610 2760 gladio
622 2718 801 2751 vulneratus
809 2730 860 2753 oc·

153 2771 191 2793 cu
216 2769 271 2794 ult.

929 2037 960 2064 3.
985 2032 1142 2076 occubuit]
1184 2033 1349 2064 Ecbatanis
1367 2034 1463 2076 Syriae
1485 2032 1594 2065 vulne-

885 2083 972 2107 ratus
993 2076 1209 2118 interrogavit,
1232 2076 1390 2118 quodnam
1411 2076 1456 2107 illi
1478 2076 1596 2119 oppido

884 2129 1001 2149 nomen
1012 2118 1112 2152 esset?
1136 2118 1282 2160 Cumque
1296 2118 1402 2150 fuisset
1415 2130 1598 2162 responsum

887 2161 1060 2192 Ecbatana:
1093 2169 1163 2193 tum
1196 2162 1259 2198 ille,
1277 2164 1379 2203 fatale
1406 2169 1459 2200 est,
1485 2162 1601 2204 inquit,

890 2204 1041 2247 Cambysen
1061 2206 1111 2235 hoc
1132 2207 1188 2235 loco
1210 2208 1352 2236 decedere.-
1381 2206 1468 2246 quod
1488 2215 1598 2235 oracu-

888 2247 955 2277 lum
981 2258 1020 2278 ex
1045 2246 1122 2278 urbe
1145 2248 1241 2287 Buto,
1263 2247 1295 2278 id
1316 2247 1375 2290 ipsi
1398 2247 1601 2290 praedixisset.

889 2291 999 2321 Herod.

932 2337 962 2364 4.
985 2332 1126 2375 Magum]
1156 2333 1294 2364 Nomine
1314 2333 1491 2373 Pitizithes‚
1505 2343 1599 2375 quem

890 2375 1063 2418 Cambyses
1075 2377 1120 2407 rei
1134 2376 1312 2408 domesticae
1335 2376 1530 2418 praefecerat,
1548 2376 1601 2407 ille

889 2418 1020 2449 fratrem
1035 2430 1125 2450 suum
1138 2419 1305 2458 Smerdim,
1317 2420 1439 2450 Smerdi
1449 2420 1524 2460 Cyri
1535 2418 1602 2450 filio

891 2462 1030 2503 corporis
1057 2462 1167 2493 habitu
1198 2462 1404 2499 simillimum,
1437 2463 1468 2493 in
1491 2472 1601 2504 regem

890 2504 964 2546 eligi
987 2512 1058 2535 ante
1075 2503 1239 2546 Cambysis
1259 2513 1410 2544 mortem,
1431 2511 1602 2537 curaverat.

891 2548 944 2578 Ex
961 2548 1071 2578 Herod.

933 2593 963 2621 5.
980 2590 1147 2632 Oropasta.]
1167 2590 1322 2622 Smerdim
1334 2598 1425 2622 vocat
1440 2589 1562 2622 Herod.

936 2637 965 2663 6.
982 2633 1154 2675 Cambym]
1177 2635 1249 2664 Non
1270 2633 1443 2675 Cambysis.
1457 2634 1510 2664 sed
1525 2632 1608 2675 Cyri

892 2675 976 2717 jussu
991 2686 1081 2706 aures
1093 2675 1139 2707 ini
1154 2675 1298 2706 abscissas
1307 2676 1381 2707 dicit
1399 2676 1518 2707 Herod.

940 2721 968 2750 7.
984 2719 1035 2749 Ne
1047 2721 1112 2749 daeo
1125 2722 1155 2749 in
1166 2722 1367 2760 poenitentiam,
1384 2720 1464 2761 iffa]
1515 2721 1603 2750 Auc-

899 2768 949 2793 tor
975 2760 1059 2794 iuius
1082 2761 1200 2795 consilii
1220 2761 1280 2795 fuit
1302 2762 1417 2795 Darius
1442 2761 1605 2804 Hystaspis

1727 195 1784 236 15
