1903 3076
585 163 699 206 LIB.
724 138 808 204 111'.
841 162 971 204 CAP.
994 162 1081 204 IV.
1715 169 1768 204 43

102 248 390 299 successiones,
409 243 563 288 senatui
583 245 809 286 custodiam
828 247 983 310 legum,
1007 244 1162 298 populo
1183 241 1421 299 sublegendi
1443 258 1556 285 sena-

105 318 215 359 tum,
233 308 300 348 vel
330 305 492 346 creandi
522 319 626 360 quos
643 305 766 344 vellet
788 304 1063 360 magistratus,
1093 311 1332 356 potestatem
1354 303 1556 356 permisit.

104 366 270 407 Fundos
289 363 474 404 omniurn
495 364 701 418 aequaliter
720 362 826 402 inter
845 377 986 404 omnes
1006 360 1159 412 divisit,
1187 371 1232 400 ut
1252 371 1410 415 aequata
1431 360 1559 425 patri-

105 423 244 466 monia
263 421 468 462 neminem
488 421 759 486 potentiorem
781 417 906 461 altero
938 421 1165 460 redderent.
1227 419 1387 459 Conviv
1379 419 1451 458 ari
1473 434 1559 459 om·
1573 432 1612 461 Α
1622 431 1771 464 Μ.3153.

107 498 180 524 nes
199 479 364 534 publice}
381 480 519 532 jussit,
537 495 587 519 ne
608 479 724 533 cujus
743 479 902 520 divitiae
918 479 982 518 vel
1004 476 1192 518 luxuria
1181 492 1222 516 1n
1239 478 1396 517 occulto
1413 485 1558 518 essent.
1574 475 1772 506 Ant-0³⁵0)-

107 539 334 583 juvenibus
365 553 445 578 non
478 537 657 591 amplius
691 551 771 577 una
803 547 912 578 veste
943 535 1001 576 uti
1025 545 1108 576 toto
1129 550 1232 575 anno
1254 535 1456 588 permisit,
1487 550 1561 576 nec

106 611 363 661 quemquam
381 596 531 636 cultius
552 610 678 650 quam
699 596 872 635 alterum
896 594 1100 648 progredi..
1122 609 1195 633 nec
1211 592 1367 646 epulari
1389 595 1562 646 opulen-

107 656 206 706 tius,
221 669 272 694 ne
292 654 468 694 imitatio
487 655 527 693 in
550 653 756 694 luxuriam
777 663 1013 693 verteretur.
1065 652 1216 693 Pueros
1233 654 1405 704 puberes
1424 667 1503 692 non
1521 651 1564 692 in

106 714 261 763 forum,
293 714 363 753 secl
399 712 441 751 in
462 727 604 767 agrum
624 711 770 752 deduci
797 711 1003 766 praecepit
1033 722 1076 751 ut
1099 709 1253 763 pnimos
1276 725 1402 751 annos
1421 725 1502 750 non
1521 710 1564 749 in

109 771 290 821 luxuria,
321 772 392 811 sed
427 770 468 811 iu
490 785 609 824 opere
630 782 668 810 et
688 770 898 818 laboribus
921 777 1101 822 agerent.
1163 774 1178 791 ²²
1193 768 1317 808 Nihil
1338 782 1408 808 eos
1431 768 1563 808 somni

109 830 235 871 causa
257 830 523 877 substernere,
556 839 594 869 et
613 828 741 869 vitam
763 829 848 868 sine
870 829 1080 881 pulmento
1101 829 1261 881 degere,
1296 842 1427 881 neque
1449 826 1564 879 prius

111 889 155 930 in
171 890 316 928 urbem
332 887 478 936 redire,
498 887 625 941 quam
641 886 720 926 viri
739 886 834 927 facti
853 895 998 932 essent,
1021 884 1174 926 statuit.
1235 891 1246 907 ¹
1264 885 1461 940 Virgines
1477 884 1566 924 sine

110 949 205 987 dote
226 947 379 986 nubere
407 945 542 1010 jussit,
573 957 615 986 ut
635 960 783 986 uxores
803 944 1062 999 eligerentur,
1092 957 1173 983 non
1205 944 1417 995 pecuniae3
1449 957 1566 983 seve-

109 1004 283 1060 riusque
305 1005 563 1044 matrimonia
584 1019 657 1044 sua
676 1002 756 1042 viri
777 1006 1025 1053 coercerent,
1045 1016 1141 1042 cum
1163 1001 1286 1042 nullis
1305 1001 1408 1042 dotis
1428 1000 1567 1042 fraenis

111 1071 358 1104 tenerentur.
422 1063 656 1102 Maximum
678 1063 889 1112 honorem,
919 1076 999 1101 non
1034 1059 1211 1100 divitum
1249 1070 1288 1100 et
1323 1059 1567 1115 potentium,

115 1123 186 1162 sed
207 1135 280 1174 pro
301 1122 429 1175 gradu
450 1122 576 1161 aetatis
596 1135 737 1160 senum
759 1135 842 1160 esse
863 1119 1013 1160 voluit:
1036 1133 1109 1158 nec
1132 1132 1226 1157 saue
1246 1133 1419 1172 usquam
1441 1127 1565 1158 terra-

114 1193 208 1220 rum
228 1178 366 1218 locum
387 1179 711 1219 ²h0n0rati0rem
734 1188 914 1219 senectus
935 1180 1072 1218 haber.
1119 1175 1136 1199 b
1150 1176 1250 1216 Haec
1268 1176 1464 1230 quoniam
1483 1175 1568 1229 pri-

114 1237 203 1289 mo,
233 1236 381 1278 solutis
401 1237 518 1277 antea
538 1237 736 1285 moribus,
767 1238 867 1276 dura
887 1236 1050 1275 videbat
1071 1248 1169 1283 esse,
1201 1244 1405 1275 auctorem
1425 1249 1569 1274 eorum

117 1294 382 1348 ³Apollinem
405 1295 665 1349 Delphicum
686 1293 815 1349 fingit,
834 1305 873 1334 et
894 1294 989 1333 inde
1011 1309 1052 1334 se
1072 1308 1119 1332 ea
1140 1307 1189 1333 ex
1210 1302 1411 1346 praecepto
1430 1291 1570 1333 numi·

115 1354 180 1396 nis
200 1353 409 1403 detulisse,
445 1359 461 1378 ⁶
475 1363 517 1394 ut
537 1353 827 1393 consuescendi
850 1354 1014 1393 taedium
1036 1360 1166 1391 metus
1188 1351 1396 1419 religionis
1414 1350 1569 1392 vincat.

115 1411 235 1454 Dein
263 1421 310 1453 ut
337 1419 354 1441 ⁴
373 1413 637 1452 aeternitatem
665 1411 827 1466 legibus
858 1411 940 1452 suis
969 1412 1096 1460 daret,
1123 1408 1384 1463 jurejurando
1414 1408 1571 1464 obligat

117 1470 344 1521 civitatem,
363 1470 470 1510 nihil
485 1485 554 1511 eos
572 1473 621 1510 de
641 1470 730 1524 ejus
748 1470 908 1525 legibus
930 1478 1153 1509 mutaturos
1171 1468 1410 1522 priusquam
1431 1482 1570 1508 rever-

119 1536 298 1570 teretur:
329 1538 368 1569 et
399 1528 565 1569 simulat
584 1543 624 1569 se
647 1531 695 1568 ad
718 1529 927 1568 oraculum
951 1525 1204 1579 Delphicum
1227 1524 1443 1579 proficisci,
1473 1540 1571 1566 con-

121 1588 322 1627 sulturum
337 1586 437 1641 quid
456 1589 682 1626 addendum
697 1586 1019 1639 mutandumque
1035 1584 1195 1639 legibus
1209 1584 1426 1625 videretur.
1467 1583 1571 1625 Pro·-

119 1644 315 1686 ficiscitur
335 1656 470 1685 autem
502 1650 517 1676 ⁵
534 1645 717 1696 Cretam,
745 1644 888 1700 ibique
910 1658 981 1696 pel
986 1653 1151 1696 petuum
1172 1642 1345 1682 exilium
1372 1641 1470 1697 egit,
1498 1641 1571 1682 ab·

118 1703 279 1757 jieique
309 1701 351 1743 in
381 1717 491 1744 mare
521 1718 610 1744 ossa
641 1718 714 1743 sua
742 1702 920 1743 moriens
945 1701 1080 1756 jussit,
1110 1700 1189 1741 dne
1220 1699 1356 1740 relatis
1381 1700 1570 1741 Lacedae-

121 1775 302 1810 monem,
323 1761 475 1802 solutos
491 1776 532 1802 se
549 1760 733 1815 Spartani
749 1759 946 1817 religione
961 1759 1252 1815 jurisjurandi
1241 1774 1282 1799 1n
1298 1757 1569 1800 dissolvendis

122 1819 191 1874 leg
194 1819 285 1859 ibus
304 1818 609 1860 arbitrarentur.

163 1834 318 1919 g.CAP
338 1877 425 1919 lV.
446 1877 524 1919 His
543 1877 670 1934 igitur
690 1877 872 1919 moribus
893 1876 951 1919 ita
969 1876 1085 1918 brevi
1103 1875 1247 1919 civitas
1269 1875 1503 1920 convaluit:
1524 1883 1570 1916 ut
1583 1886 1787 1918 Bellum-Mes·

1581 1943 1718 1961 ,tentatum

662 1995 1041 2026 1NTERPRE'1·AT10.
1577 1976 1717 2016 P'W'a

169 2068 185 2089 ²
205 2071 269 2101 Nec
283 2071 323 2100 ad
333 2071 519 2101 dormiendum
533 2071 619 2106 lectis,
640 2083 686 2101 nec
709 2073 748 2100 ad
770 2083 834 2101 ves·
914 2070 929 2089 Ε
950 2071 988 2102 Ut
1005 2073 1086 2101 timor
1101 2071 1240 2113 religionis
1258 2071 1396 2103 violandae
1409 2071 1523 2112 faciat,
1544 2077 1576 2103 ut

125 2115 237 2144 cendum
252 2115 364 2144 conditis
379 2114 444 2144 cibis
460 2116 501 2143 uti
515 2126 555 2143 eos
563 2115 664 2154 jussit.
870 2115 929 2143 sine
942 2116 1021 2144 taedio
1034 2121 1200 2145 assuescant.

170 2157 189 2182 b
208 2157 266 2196 Qui
280 2157 330 2187 hus
343 2158 413 2197 leges
427 2157 553 2186 cernebat
565 2157 687 2199 dffcdcs
705 2168 761 2187 esse
782 2163 835 2198 po·
884 2172 885 2176 =
914 2156 930 2181 d
958 2157 1008 2187 Ne
1027 2160 1178 2198 reportatis
1204 2157 1423 2187 Lacrdaemonem
1449 2155 1577 2194 ossibus,

123 2200 193 2241 pulo
205 2206 336 2242 corrupto
350 2198 480 2230 moribus.
868 2206 1005 2240 putarent
1030 2212 1058 2229 se
1085 2200 1182 2231 cibans
1211 2198 1229 2230 ai
1246 2203 1422 2241 juramento,
1446 2206 1480 2231 ut
1505 2201 1576 2242 leges

259 2242 262 2246 '
872 2243 981 2272 violare
988 2250 1111 2284 posunt·

765 2330 807 2360 N
817 2329 839 2359 Ο
853 2329 945 2360 TAE.

177 2409 203 2438 l.
218 2403 619 2447 Virgines.]Duopraec1pue
631 2415 664 2436 ns
675 2415 704 2435 m
717 2404 838 2446 1051er
914 2407 1101 2447 8.Apo!!1·n
1102 2405 1155 2479 mflj
1176 2406 1238 2437 Vix
1263 2406 1417 2456 ingressus
1439 2405 1471 2438 in
1495 2413 1577 2438 tem-

130 2456 269 2489 arguunt
284 2446 468 2479 Aristoteles
482 2456 511 2478 et
530 2449 641 2488 Xesno
637 2447 675 2478 ..h
701 2450 769 2488 prin
764 2459 837 2478 ,ιιυη
871 2448 970 2490 plum,
992 2460 1061 2479 cum
1082 2451 1126 2490 Py
1156 2449 1274 2480 ιίιῙιεεε
1298 2450 1417 2491 inquit.
1443 2451 1496 2481 Ad
1517 2461 1578 2480 mea

131 2490 320 2533 quodfurta,
328 2489 424 2520 modo
434 2490 543 2520 callide
555 2490 654 2531 perfec
642 2499 697 2519 cta
696 2491 736 2523 ιἰ,
750 2490 839 2521 laude
871 2495 974 2521 enini
996 2500 1031 2531 ρι
1035 2496 1125 2534 eping
1127 2495 1174 2522 uia
1199 2499 1269 2523 tecta
1284 2494 1437 2534 Lycurge,·
1462 2499 1493 2523 et
1509 2501 1578 2534 quat

133 2541 251 2572 essent,
265 2532 397 2564 alterum
412 2533 497 2573 quod
513 2532 554 2562 ina
549 2543 571 2561 s
586 2544 620 2563 ea
635 2543 681 2573 pir
674 2535 840 2563 murentur
872 2534 930 2564 hv
924 2542 963 2564 ct
981 2534 1099 2565 Herod.

133 2574 296 2613 adulteria,
318 2585 451 2617 quorum
464 2575 593 2605 maritus
611 2575 842 2616 paranymphus
915 2582 943 2606 4
960 2579 1167 2607 AEternitatem
1189 2580 1213 2607 le
1214 2577 1318 2619 gihun]
1339 2577 1499 2608 Steterunt
1515 2579 1580 2610 700

134 2617 232 2652 fieret.
873 2630 941 2649 alm:
946 2630 970 2656 S,
984 2633 1017 2649 ex
1034 2616 1225 2652 Ᾰια10500
1237 2634 1271 2651 ex
1288 2621 1325 2650 P
1323 2620 1455 2651 'mutarclt

171 2664 202 2692 2.
212 2661 429 2692 Honoratiorem
438 2659 840 2702 senectus]1de01uvenahs
915 2666 944 2693 .5.
969 2663 1105 2705 Cretam]
1128 2663 1239 2700 Insula,
1261 2673 1331 2704 quae
1356 2673 1419 2694 non
1443 2661 1583 2695 multum

138 2703 294 2735 Credebant
306 2704 355 2734 hoc
374 2707 483 2745 grande
497 2705 587 2744 nefas,
611 2711 636 2733 et
650 2710 736 2733 morte
755 2705 798 2745 pi
792 2716 841 2732 m-
873 2714 889 2736 a
908 2703 1119 2750 Peloponneso
1136 2705 1240 2745 distat,
1265 2706 1377 2737 Candie.

138 2747 214 2785 dunt,
227 2745 262 2780 Su·
269 2749 386 2790 juvenis
403 2748 494 2779 vetulo
508 2759 558 2780 non
574 2753 753 2783 assurexerc.
757 2770 766 2786 ,
783 2746 840 2778 &c
