1903 3076
573 151 685 194 LIB.
709 138 878 192 XLIV.
912 149 1044 191 CAP.
1067 148 1130 191 v.

134 233 331 276 mittitur:
363 230 433 289 qui
455 233 500 275 St
518 230 605 284 ipse
634 240 647 256 ¹
664 231 687 271 ὲ
703 245 819 272 servo
836 228 1011 283 Hispani
1031 230 1259 284 cujusdam,
1277 229 1496 273 ulciscente
1516 233 1588 274 do-

135 292 239 334 mini
268 292 463 346 injustam
496 303 652 338 necem,
688 288 938 329 interfectus.

135 350 372 404 imperator,
391 347 642 389 Hamilcaris
660 347 784 397 filius,
807 345 1000 387 succedit.

999 294 1014 313 ²
1029 289 1167 342 Major
1200 298 1370 344 utroque
1402 289 1588 330 Annibal

1061 347 1274 401 Siquidem
1295 347 1505 401 utriusque
1525 362 1589 388 res

135 419 270 464 gestas
289 420 587 462 supergressus,
603 405 838 446 universam
852 403 1099 458 Hispaniam
1116 404 1294 446 domuit:
1317 405 1409 445 inde
1431 405 1591 446 Roma-

112 466 200 507 ‘ffi
219 466 332 507 illato
351 464 477 514 bello,
510 464 674 505 Italiam
705 478 777 516 per
807 477 932 504 annos
962 464 1171 504 sexdecim
1211 462 1368 503 ³variis
1403 464 1590 505 cladibus

134 522 349 579 fatigavit:
379 521 477 562 cum
498 522 651 563 interea
672 520 851 562 Romani
873 520 1007 562 missis
1027 521 1071 562 in
1087 519 1332 574 Hispaniam
1353 528 1368 551 ⁴
1387 521 1591 575 Scipioni-

134 583 214 623 bus
235 580 368 635 primo
392 580 536 621 Poenos
557 578 765 634 provincia
786 578 1059 630 expulerunt:
1089 579 1228 632 postea
1251 578 1347 618 cum
1367 578 1472 633 ipsis
1493 580 1591 620 His-

133 639 230 694 pani
249 638 390 695 gravia
409 640 517 679 bella
538 638 764 694 gesserunt.
826 637 919 677 Nec
944 637 1070 690 ρτιὺς,
1100 636 1327 690 perdomita
1359 637 1592 690 provincia,

130 698 281 753 jugum
303 696 479 750 Hispani
502 696 688 750 accipere
719 694 954 748 potuerunt,
989 695 1115 750 quam
1156 697 1171 722 ⁵
1194 695 1333 736 Caesar
1362 697 1593 750 Augustus,

134 755 366 809 perdomito
386 755 513 805 Orbe,
543 753 727 795 victricia
747 755 798 793 ad
817 768 886 794 eos
915 768 1027 794 arma
1057 754 1276 806 transtulit,
1310 754 1592 807 populumque

134 814 355 854 barbarum
377 828 423 854 ac
452 813 602 863 ferum,
632 812 795 863 legibus
826 813 877 851 ad
910 812 1128 853 cultiorem
1155 811 1254 854 vitae
1282 825 1406 853 usum
1431 813 1594 853 traduc·

133 879 240 925 tum,
268 872 312 913 in
332 871 508 912 formam
526 869 746 925 provinciae
766 869 940 926 redegit.

785 986 860 1018 No
872 985 956 1017 TAE.

178 1068 208 1097 1.
229 1066 262 1098 A
285 1065 394 1108 servm]
437 1064 553 1097 Multis
580 1064 672 1096 rebus
696 1063 845 1106 praeclare

924 1067 955 1095 4.
977 1063 1177 1107 Scipionibus]
1219 1065 1309 1097 eneo
1330 1071 1363 1098 et
1377 1064 1501 1103 Publio,
1516 1076 1595 1108 quos

134 1107 242 1150 gestis,
264 1108 283 1139 a
299 1109 392 1140 Gallo
408 1108 543 1150 quodam
554 1108 584 1138 in
600 1108 735 1149 hospitio
750 1116 842 1138 noctu
881 1107 944 1138 duo
970 1106 1043 1139 belli
1070 1107 1212 1138 Fulmina
1237 1116 1348 1139 vocant
1375 1111 1540 1146 Auctores,
1573 1110 1594 1142 i

134 1159 262 1182 necatus
277 1159 381 1188 est,ut
394 1151 509 1181 habent
525 1151 674 1191 Polybius
686 1158 716 1181 et
730 1150 846 1180 Livius.
881 1149 993 1191 quibus
1018 1149 1057 1181 ad
1079 1150 1259 1192 llliturgum
1286 1151 1453 1187 Asdrubal.
1478 1153 1594 1194 Mago,

134 1192 204 1224 Alii
228 1202 334 1224 tamen
357 1193 396 1224 ab
420 1194 561 1235 Hispano
575 1193 710 1224 occisum
725 1193 846 1228 volunt,
881 1202 912 1223 et
929 1191 1071 1223 Amilcar
1086 1193 1174 1232 victi,
1196 1192 1335 1235 caesaque
1357 1204 1421 1225 uno
1443 1194 1494 1225 die
1517 1196 1595 1226 cat-

134 1235 202 1276 qui,
211 1236 330 1267 domini
341 1245 475 1267 mortem
489 1236 620 1269 ulturus.
635 1235 844 1266 Asdrubalem

134 1278 229 1309 sacris
250 1287 433 1320 operantem
462 1278 501 1309 ad
530 1289 597 1309 aras
625 1278 822 1309 obtruncavit
835 1291 842 1308 ε

134 1321 377 1362 comprehensus
392 1321 503 1352 deinde
518 1320 602 1352 haud
617 1321 688 1357 alio,
705 1320 799 1362 quam
822 1321 846 1351 si

135 1364 291 1400 evasisset,
315 1363 406 1395 vultu
431 1363 508 1396 fuit:
534 1364 700 1395 tormentis
722 1373 846 1405 quoque

134 1405 213 1436 dum
228 1406 430 1444 laceraretur,
448 1417 486 1437 eo
499 1406 558 1437 suit
582 1407 655 1438 Oris
669 1406 788 1443 habitu,
812 1414 846 1436 ut

134 1447 266 1480 ridentis
279 1449 411 1490 speciem
427 1449 591 1491 praeberet.
634 1451 683 1480 Im
698 1451 815 1479 Livius.

179 1494 209 1522 2.
232 1493 343 1535 Major
356 1492 495 1534 utroque]
539 1491 671 1522 subacta
693 1493 774 1522 intra
788 1491 847 1522 flu-

135 1543 210 1565 men
239 1535 363 1565 Iberum
387 1534 540 1576 Hispania
561 1534 627 1565 tota
643 1543 674 1565 et
690 1534 778 1576 capta
795 1536 846 1565 Sa-

134 1584 238 1617 gunto
252 1576 351 1608 amica
376 1579 589 1609 Romanorum
604 1578 742 1614 civitate,
765 1576 848 1608 bello

135 1619 258 1650 Punico
269 1621 404 1651 secundo
414 1620 539 1651 initium
550 1620 648 1651 dedit.

180 1666 210 1692 8.
239 1664 343 1693 Varii:
356 1663 502 1706 cladibus]
534 1663 684 1695 Consules
697 1662 849 1705 plurimos

136 1703 224 1739 vicit.
249 1706 285 1736 P.
307 1705 488 1737 Cornelium
511 1707 551 1737 ad
577 1706 736 1741 Ticinum,
761 1708 847 1736 Sem-

136 1747 284 1788 pronium
300 1749 338 1779 ad
361 1748 526 1788 Trebiam,
548 1750 584 1780 C.
599 1748 784 1780 Flaminium
808 1748 846 1778 ad

136 1788 391 1830 ’thrasymenum
407 1791 518 1828 lacum,
532 1793 572 1822 ad
583 1792 706 1823 Cannas
713 1791 848 1832 denique

136 1832 326 1864 Terentium
342 1836 517 1865 Varronem
533 1842 565 1866 et
580 1835 725 1873 Paulum,
748 1835 846 1865 donec

138 1874 252 1906 fabius
268 1877 430 1924 Maximus
444 1878 618 1911 cunctando
632 1888 713 1918 rem,
737 1886 848 1909 utcun-

137 1926 200 1961 que
214 1926 358 1952 restituit.

878 1235 1120 1278 rhaginiensium
1153 1244 1297 1267 sexcenta
1325 1236 1444 1275 millia3
1481 1237 1596 1268 deinde

883 1279 998 1309 Hanno
1026 1278 1066 1309 ad
1103 1278 1232 1309 Indibile
1268 1288 1441 1321 superatus,
1477 1280 1597 1311 iterum

884 1322 995 1362 Mago,
1011 1329 1042 1352 et
1064 1321 1234 1358 Asdrubal,
1255 1321 1394 1364 primum
1417 1322 1456 1353 ad
1478 1321 1598 1353 Illitur-

883 1373 972 1405 gum,
986 1371 1056 1394 tum
1071 1364 1110 1394 ad
1126 1364 1298 1404 Mundam,
1320 1364 1454 1406 denique
1469 1365 1508 1395 ad
1522 1367 1595 1396 Au-

882 1408 1017 1448 ringem,
1031 1406 1150 1448 fugati:
1172 1407 1226 1437 sed
1241 1407 1368 1438 tandem
1386 1407 1514 1439 Publius
1528 1409 1594 1440 Sci-

884 1450 934 1491 pio
944 1449 961 1480 a
980 1452 1126 1491 Magone,
1140 1450 1318 1481 Asdrubale
1331 1458 1361 1480 et
1373 1450 1539 1482 Masinissa
1552 1452 1593 1483 ad

885 1491 1014 1522 Indibile
1039 1493 1149 1529 victus,
1171 1501 1202 1523 et
1224 1493 1341 1524 occisus
1361 1501 1426 1532 est3
1450 1501 1481 1524 et
1497 1494 1592 1535 paulo

884 1535 954 1575 post
970 1536 1084 1572 Cneus,
1105 1534 1209 1566 audita
1223 1535 1327 1566 fratris
1346 1544 1458 1572 morte,
1479 1544 1510 1567 et
1527 1537 1593 1578 ipse

885 1578 995 1616 victus,
1018 1578 1049 1608 in
1074 1577 1184 1618 praelio
1207 1578 1328 1610 cecidit.
1387 1581 1434 1610 At
1465 1579 1594 1610 Publius

885 1620 1048 1651 Cornelius
1063 1620 1178 1662 Scipio,
1201 1622 1279 1652 Cnei
1293 1620 1386 1660 filius,
1406 1621 1495 1663 capta
1510 1621 1594 1653 nova

886 1663 1087 1705 Carthagine,
1103 1671 1135 1694 et
1151 1663 1326 1694 Asdrubale
1342 1664 1475 1700 devicto,
1498 1664 1529 1694 in
1545 1667 1593 1695 A-

882 1704 1003 1739 fricam.
1026 1705 1177 1748 Hispania
1197 1706 1335 1746 subacta,
1358 1706 1476 1738 bellum
1495 1714 1594 1738 trans·

883 1756 1029 1789 portavit.

924 1795 953 1823 5.
979 1792 1075 1822 Caesar
1090 1792 1262 1834 Augustus]
1304 1793 1354 1823 De
1370 1792 1453 1823 bello
1468 1791 1506 1823 ab
1522 1794 1592 1824 Au-

881 1841 974 1883 gusto
986 1835 1110 1866 Caesai‘e
1121 1834 1152 1865 in
1162 1835 1314 1878 Hispania
1323 1843 1410 1878 gesto
1423 1835 1514 1878 supra
1526 1845 1594 1868 me·-

880 1886 1037 1909 nummus.

746 2194 787 2236 F
802 2193 831 2234 I
850 2194 903 2234 N
917 2194 947 2234 I
964 2196 1008 2234 S.

1717 162 1801 197 329
