1903 3076
581 186 694 229 LlB.
729 185 790 229 II.
843 179 976 230 CAP.
1009 187 1095 230 XI.
1639 187 1643 199 '
1721 194 1775 232 33

107 276 152 312 et
170 270 350 311 trecenta
365 263 503 308 millia
531 267 582 306 de
609 265 797 308 auxiliis:
830 275 877 308 ut
910 281 991 308 non
1021 266 1227 309 immerito
1247 266 1465 322 ‘proditum
1494 268 1561 320 sit,

111 332 126 350 ⁸
141 326 384 368 flumina‘ab
404 323 586 366 exercitu
605 325 694 378 ejus
724 324 872 366 siccata
891 325 1186 381 Graeciamque
1218 341 1382 367 omnem
1401 326 1474 366 vix
1494 341 1561 366 ca-

110 399 208 439 pere
227 383 455 425 exercitum
475 382 564 436 ejus
583 382 775 436 potuisse.
835 388 851 406 ²
867 383 914 423 N
917 398 1010 424 aves
1034 399 1198 439 quoque
1233 385 1348 426 mille
1371 387 1563 425 ducentas

111 456 280 484 numero
299 440 490 482 habuisse
510 440 673 482 dicitur.
725 439 836 482 Huic
855 449 967 483 tanto
986 441 1140 496 agmini
1164 444 1249 482 dux
1269 443 1413 483 defuit.
1468 442 1562 483 Cae-

110 499 259 552 terum,
281 499 315 540 si
336 513 476 554 regern
498 508 678 552 spectes;
710 499 888 550 divitias,
908 514 990 540 non
1009 502 1157 540 ducem
1186 501 1326 540 laudes
1345 518 1354 540 :
1387 515 1565 555 quarum

107 565 220 599 unta
233 556 354 611 copia
373 557 417 597 in
432 571 560 612 regno
575 557 662 610 ejus
684 556 778 609 fuit,
798 566 858 608 ut,
878 557 973 598 cum
994 557 1164 598 flumina
1183 557 1444 598 multitudine
1465 573 1564 598 con-

106 625 379 666 sumerentur,
399 630 497 669 opes
515 623 650 655 tamen
670 614 796 669 regiae
817 624 1087 668 superessent.
1134 615 1232 669 'Ipse
1252 625 1388 656 autem
1408 616 1564 669 primns

107 673 151 714 iu
164 673 281 729 fuga,
301 682 528 727 postremus
547 672 588 713 in
609 673 754 727 praelio
769 688 928 726 semper
943 673 1055 729 visus
1076 682 1160 722 est3
1182 673 1223 713 in
1240 673 1432 727 periculis
1450 673 1563 714 timi-

107 732 211 782 dus‚;
243 731 376 772 sicubi
395 741 529 772 metus
559 731 729 783 abesset,
759 730 943 783 inflatus:
975 730 1153 786 denique
1181 733 1274 772 ante
1305 733 1565 785 experimen-

107 799 196 831 tum
228 789 338 833 belli,
369 788 519 829 fiduci&
550 788 717 839 virium,
758 788 889 829 veluti
921 799 1074 830 naturae
1111 789 1238 842 ipsius
1278 789 1483 838 dominus,
1523 799 1564 830 et

109 850 299 888 ⁵m0ntes
321 847 364 887 in
386 848 555 900 planum
584 849 774 898 ducebat,
805 857 844 887 et
873 861 1056 887 convexa
1089 847 1261 888 vallium
1293 849 1493 903 aequabat,
1524 855 1563 887 et

106 908 298 962 quaedam
318 905 477 946 ⁴maria
496 905 687 959 pontibus
718 906 933 956 sternebat,
963 907 1181 960 ²quaedam
1211 907 1261 946 ad
1291 905 1562 962 navigationis

106 966 374 1011 commodum
394 978 467 1018 per
487 963 779 1017 compendium
800 965 989 1003 ducebat.
1246 978 1248 982 ’

133 1023 137 1027 ”
170 1021 300 1063 CAP.
322 1022 401 1063 XI.
426 1021 556 1076 Cujus
578 1021 766 1063 introitus
789 1027 803 1052 5
816 1021 859 1061 in
879 1021 1091 1062 Graeciam
1108 1035 1232 1076 quam
1246 1021 1462 1072 terribilis,
1476 1021 1560 1062 tam
1574 1043 1698 1074 Leonida

107 1080 241 1134 turpis
259 1095 305 1121 ac
323 1081 454 1121 foedus
473 1080 673 1121 discessus
695 1079 789 1119 fuit.
835 1079 951 1119 Nam
971 1080 1069 1120 cum
1090 1080 1274 1121 Leonida
1304 1093 1378 1120 rex·
1397 1081 1423 1121 S
1430 1089 1558 1133 parta·
1574 1088 1683 1118 Persas
1697 1089 1738 1116 ad

109 1153 258 1179 norum
279 1153 373 1179 cum
394 1148 566 1193 quatuor
586 1137 774 1178 millibus
794 1136 973 1177 militum
996 1138 1205 1193 angustias
1224 1141 1241 1166 ⁶
1256 1138 1558 1194 Thermopyla-
1575 1129 1766 1195 Th‘ssml'st'l‘

110 1211 204 1237 rum
223 1194 477 1248 occupasset,‘
493 1196 658 1236 Xerxes
678 1204 913 1247 contemptu
930 1195 1163 1249 paucitatis3
1197 1211 1264 1237 eos
1294 1210 1474 1252 pugnam
1495 1212 1559 1236 cr.-
1575 1184 1777 1246 stili-3574.

108 1267 268 1308 pessere
277 1255 409 1309 jubet,
428 1269 603 1309 quorum
616 1253 794 1309 Ycognati
815 1253 1074 1294 Marathonia
1089 1255 1225 1310 pugn&
1246 1254 1449 1295 interfecti
1472 1255 1559 1294 fue-v
1576 1257 1627 1289 01.
1643 1262 1682 1288 75
1711 1261 1740 1288 1.

107 1321 218 1361 rant3
241 1312 331 1367 qui,
351 1315 450 1353 dum
470 1312 616 1353 ulcisci
635 1326 729 1352 suos
749 1321 950 1365 quaerunt,
981 1311 1231 1365 principium
1262 1313 1388 1354 cladis
1417 1313 1532 1353 fuere
1550 1330 1558 1352 :
1575 1299 1772 1376 Χὲξὲξξὲ·

106 1373 348 1412 succedente
367 1371 515 1411 deinde
536 1369 694 1411 8inutili
717 1369 850 1420 turba,
884 1369 1018 1423 m‘ajor
1038 1373 1166 1411 caedes
1187 1370 1362 1411 editur:
1400 1371 1561 1412 Trlduo
1647 1367 1653 1374 ’
1683 1366 1691 1376 ’
1767 1366 1774 1374 ’

107 1428 286 1469 ibicum
317 1429 454 1482 dolore
489 1437 532 1469 et
565 1428 842 1483 indignatione
872 1428 1088 1468 Persarum
1117 1428 1383 1469 dimicatum:
1418 1429 1562 1484 quarta

106 1486 190 1537 die,
220 1501 348 1542 quum
380 1487 613 1528 nuntiatum
644 1495 751 1526 esset
781 1485 985 1537 Leonidae,
1018 1487 1041 1526 a
1075 1500 1145 1532 xx⁴
1162 1486 1348 1528 millibus
1379 1489 1562 1528 hostium

107 1550 346 1592 ’summum
367 1559 563 1586 cacumen
585 1543 727 1594 teneri,
757 1551 852 1584 tunc
878 1546 1061 1585 hortatur
1092 1544 1221 1586 socios
1250 1547 1440 1595 recedant,
1470 1556 1506 1586 et
1524 1562 1562 1585 se

107 1604 163 1643 ad
178 1603 335 1644 meliora
345 1605 494 1660 patrz'ae
512 1613 681 1659 tempora
700 1612 886 1642 reservent
904 1621 916 1644 .·
944 1601 1022 1642 sibi
1039 1617 1123 1642 cum
1139 1603 1347 1659 Spartanis
1351 1605 1560 1656 fortunam

107 1661 369 1718 experiendam
385 1681 403 1711 ;
424 1663 550 1718 plura
567 1677 603 1701 se
614 1660 764 1718 patriae
783 1660 899 1716 qudm
920 1659 1014 1700 vitae
1031 1661 1160 1701 debere
1176 1677 1186 1700 .-
1218 1670 1370 1702 caeteros
1389 1663 1443 1702 ad
1450 1672 1561 1719 prae-

640 1777 1025 1810 1NTERPRETAT10.

349 1843 365 1864 ²
380 1845 502 1876 Isthmos
515 1844 668 1887 effodiebat,
691 1852 722 1876 ut
735 1847 900 1876 commodior
910 1851 937 1875 et
950 1844 1066 1876 brevior
1074 1849 1144 1874 esset
1157 1842 1318 1886 navigatio.
1335 1871 1345 1880 ,

754 1931 827 1963 No
843 1932 929 1963 TAE.

133 2035 140 2042 ·
155 1997 181 2025 1.
203 1996 349 2035 Flumina,
371 1997 444 2040 &c.]
466 1996 646 2028 Echedorus
660 1995 744 2028 enim
758 1996 818 2028 flu·
847 1995 991 2027 ordinem
1006 1993 1148 2038 pluribus
1169 2000 1274 2029 narrat
1291 1992 1413 2027 Herod.
1455 1992 1560 2035 Quem

109 2046 178 2068 vius
192 2037 252 2068 illis
266 2040 443 2080 potantibus
459 2039 580 2070 defecit.
848 2038 982 2070 consule.

155 2083 184 2109 2.
199 2082 303 2112 Naves
313 2095 426 2124 quoque.
444 2082 517 2124 &c.]
532 2082 634 2113 Multi
644 2082 753 2124 legunt
765 2081 818 2112 de·
888 2085 918 2112 6.
928 2079 1210 2122 Thermopylarum]
1221 2079 1384 2117 Angustiae
1393 2085 1462 2109 sunt
1469 2088 1559 2108 mon·
1609 2107 1614 2113 ,

109 2121 170 2152 cies
181 2131 307 2154 centum
323 2125 431 2161 millia,
445 2125 528 2166 quod
538 2136 649 2156 verum
657 2135 719 2155 non
731 2125 818 2156 vide·
847 2123 886 2154 tis
901 2125 1003 2160 Oetae,
1016 2123 1130 2164 quibus
1145 2133 1182 2153 ex
1199 2121 1382 2154 Phthiotide
1397 2122 1428 2151 in
1447 2120 1559 2152 Phoci-

109 2171 178 2196 tur:
206 2167 328 2197 Herod.
343 2174 374 2198 et
388 2168 483 2198 Diod.
497 2168 640 2199 triremes
654 2175 818 2198 numerant
847 2166 919 2197 dem
933 2166 1079 2197 transitus
1093 2173 1139 2196 est
1162 2169 1203 2196 25
1225 2165 1343 2206 pedum
1364 2163 1476 2204 spatio,
1497 2173 1560 2194 non

107 2208 373 2240 :eoobiremium
381 2210 457 2241 vero
466 2211 524 2241 tria
532 2210 627 2241 millia
634 2210 719 2241 addit
726 2210 818 2241 Diod.
847 2208 954 2250 procul
967 2207 983 2239 ῖι
996 2208 1062 2238 sinu
1076 2207 1224 2243 Maiiam,
1240 2207 1283 2237 ibi
1294 2214 1382 2237 erant
1392 2207 1491 2249 θερμὰ
1506 2207 1560 2238 25-

109 2250 316 2294 Hippagogas
327 2257 404 2290 820,
418 2254 504 2294 equis
514 2252 819 2285 ductandisidoneas.
847 2255 909 2293 ega,
923 2251 953 2281 id
969 2257 1027 2288 est,
1041 2249 1139 2281 calida
1154 2249 1286 2285 lavacra,
1301 2257 1331 2280 et
1346 2259 1454 2279 murus
1465 2258 1560 2290 quem

154 2298 183 2327 3.
199 2296 318 2326 Montes
335 2297 363 2326 ἰιι
383 2295 530 2339 planum]
578 2296 701 2328 Montis
716 2295 820 2327 Athos
849 2294 1021 2325 Phocenses
1030 2300 1117 2324 metu
1127 2291 1349 2323 Thessalorum
1361 2290 1562 2328 aedificatam,

111 2336 264 2367 isthmum
273 2336 678 2380 effodijussitzeaeratfossae
688 2337 820 2369 latitudo
847 2344 878 2367 et
900 2336 999 2366 Dario
1021 2335 1209 2366 adventante
1232 2334 1336 2366 Graeci
1354 2333 1562 2370 renovarunt,

109 2378 221 2410 utduae
233 2379 376 2411 triremes
385 2381 416 2411 in
424 2379 458 2411 ei
467 2380 821 2422 moverifacilepossent.
847 2387 878 2410 et
894 2388 986 2420 super
1000 2388 1139 2416 murum,
1152 2384 1252 2419 portae
1267 2375 1458 2414 visebantur,
1477 2375 1561 2407 unde

152 2425 189 2455 4.
208 2424 322 2453 Maria
337 2423 492 2465 pontibus]
526 2422 767 2465 Hellespontum
783 2433 820 2454 ex
847 2419 1080 2465 Thermopylae.

110 2464 230 2504 Abydo
244 2465 330 2496 Asiae
345 2465 474 2507 oppido,
489 2465 527 2496 ad
543 2467 665 2496 Sestum
675 2467 821 2507 Europae,
890 2468 922 2495 7.
947 2463 1089 2505 Cognati]
1112 2462 1229 2493 Medos
1243 2461 1312 2493 illos
1325 2461 1416 2492 fuisse
1431 2467 1561 2492 testator

111 2508 166 2549 qui
181 2514 300 2548 septem
314 2509 483 2539 stadiorum
500 2508 647 2550 trajectus
655 2515 710 2544 est,
725 2516 820 2550 ponte
850 2505 969 2538 Herod.
993 2517 1072 2547 quos
1102 2505 1216 2536 veteris
1242 2505 1365 2545 imperii
1382 2502 1489 2544 'glorifi
1509 2510 1560 2535 tu-

108 2549 233 2591 junxit:
258 2550 334 2591 quin
348 2551 443 2581 etiam
459 2550 666 2592 Hellesponto
681 2557 821 2582 trecenta
848 2549 961 2589 midos,
975 2548 1095 2579 deletos
1109 2547 1254 2589 cupiebat
1269 2549 1398 2578 Xerxes.

110 2591 241 2623 verbera
257 2592 329 2624 ideo
346 2593 445 2635 infligi
465 2593 565 2634 jussit,
586 2593 671 2635 quod
691 2600 820 2635 pontem
891 2596 921 2622 8.
953 2592 1059 2622 Inutilu‘
1080 2589 1190 2632 turbi]
1232 2589 1432 2621 Lectissimos
1456 2595 1562 2620 tamen

111 2633 282 2666 evertisset.
325 2635 415 2667 Nihil
430 2635 468 2666 de
485 2635 601 2667 Xerxis
621 2635 653 2666 in
669 2635 820 2678 Pythium
849 2634 942 2672 misit,
965 2643 1043 2675 quos
1063 2631 1257 2663 immortales
1271 2640 1394 2662 vocant.

110 2677 294 2709 crudelitate
308 2677 404 2710 habet
423 2678 568 2710 Iustinus.
895 2681 924 2708 9.
937 2677 1082 2707 Summum
1096 2688 1232 2706 cacumen.
1282 2674 1317 2705 ld
1332 2673 1450 2705 consilii
1461 2673 1563 2705 Xerxi

154 2722 184 2751 5.
206 2720 244 2750 Ia
269 2721 434 2762 Graiam]
478 2723 539 2752 Per
559 2720 752 2753 Thessaliam
774 2720 820 2752 in·
849 2719 980 2751 dederat
995 2717 1134 2761 Epialtes
1147 2719 1230 2749 Trac
1255 2716 1348 2755 iuius,
1360 2724 1396 2750 ut
1410 2716 1562 2749 Leonidae

110 2771 233 2803 gressu·
245 2769 310 2795 est:
328 2762 410 2796 illius
422 2764 599 2806 transitum,
619 2771 652 2797 et
666 2762 822 2798 exercitas
850 2762 952 2806 copias
962 2761 982 2795 a
994 2768 1086 2805 tergo
1101 2760 1335 2804 aggrederetur.

1199 2803 1242 2844 D
