<?xml version="1.0" encoding="UTF-8"?>
<!DOCTYPE html PUBLIC "-//W3C//DTD XHTML 1.0 Transitional//EN"
    "http://www.w3.org/TR/xhtml1/DTD/xhtml1-transitional.dtd">
<html xmlns="http://www.w3.org/1999/xhtml" xml:lang="en" lang="en">
 <head>
  <title>
</title>
<meta http-equiv="Content-Type" content="text/html;charset=utf-8" />
  <meta name='ocr-system' content='tesseract 3.04.00' />
  <meta name='ocr-capabilities' content='ocr_page ocr_carea ocr_par ocr_line ocrx_word'/>
</head>
<body>
  <div class='ocr_page' id='page_1' title='image "./dehistoriisphili00just_0339.png"; bbox 0 0 1903 3076; ppageno 0'>
   <div class='ocr_carea' id='block_1_1' title="bbox 553 144 1140 218">
    <p class='ocr_par' dir='ltr' id='par_1_1' title="bbox 553 144 1140 218">
     <span class='ocr_line' id='line_1_1' title="bbox 553 144 1140 218; baseline -0.007 -1"><span class='ocrx_word' id='word_1_1' title='bbox 553 171 665 218; x_wconf 73' lang='grc' dir='ltr'>ΠΒ.</span> <span class='ocrx_word' id='word_1_2' title='bbox 697 144 866 215; x_wconf 76' lang='lat' dir='ltr'>XL111.</span> <span class='ocrx_word' id='word_1_3' title='bbox 927 168 1058 214; x_wconf 80' lang='lat' dir='ltr'>CAP.</span> <span class='ocrx_word' id='word_1_4' title='bbox 1081 170 1140 213; x_wconf 91' lang='lat'>11.</span> 
     </span>
    </p>
   </div>
   <div class='ocr_carea' id='block_1_2' title="bbox 109 251 1572 1526">
    <p class='ocr_par' dir='ltr' id='par_1_2' title="bbox 109 251 1572 1526">
     <span class='ocr_line' id='line_1_2' title="bbox 109 251 1552 316; baseline -0.008 -14"><span class='ocrx_word' id='word_1_5' title='bbox 109 268 259 316; x_wconf 77' lang='lat' dir='ltr'>pueros</span> <span class='ocrx_word' id='word_1_6' title='bbox 276 267 291 285; x_wconf 83' lang='lat'>¹</span> <span class='ocrx_word' id='word_1_7' title='bbox 309 257 458 314; x_wconf 81' lang='lat' dir='ltr'>exponi</span> <span class='ocrx_word' id='word_1_8' title='bbox 474 258 616 312; x_wconf 84' lang='lat' dir='ltr'>jubet;</span> <span class='ocrx_word' id='word_1_9' title='bbox 638 265 676 297; x_wconf 93' lang='lat' dir='ltr'>et</span> <span class='ocrx_word' id='word_1_10' title='bbox 691 251 872 309; x_wconf 77' lang='lat' dir='ltr'>puellam</span> <span class='ocrx_word' id='word_1_11' title='bbox 903 259 917 276; x_wconf 84' lang='lat'>²</span> <span class='ocrx_word' id='word_1_12' title='bbox 934 254 1107 296; x_wconf 87' lang='lat' dir='ltr'>vinculis</span> <span class='ocrx_word' id='word_1_13' title='bbox 1129 261 1280 304; x_wconf 80' lang='lat' dir='ltr'>onerat,</span> <span class='ocrx_word' id='word_1_14' title='bbox 1300 267 1352 293; x_wconf 86' lang='lat' dir='ltr'>ex</span> <span class='ocrx_word' id='word_1_15' title='bbox 1372 263 1552 307; x_wconf 88' lang='lat' dir='ltr'>quorum</span> 
     </span>
     <span class='ocr_line' id='line_1_3' title="bbox 112 311 1552 373; baseline -0.008 -12"><span class='ocrx_word' id='word_1_16' title='bbox 112 316 263 373; x_wconf 62' lang='lat' dir='ltr'>injurii}</span> <span class='ocrx_word' id='word_1_17' title='bbox 273 317 456 359; x_wconf 85' lang='lat' dir='ltr'>decessit.</span> <span class='ocrx_word' id='word_1_18' title='bbox 489 315 566 356; x_wconf 88' lang='lat' dir='ltr'>Sed</span> <span class='ocrx_word' id='word_1_19' title='bbox 580 314 757 355; x_wconf 86' lang='lat' dir='ltr'>Fortuna</span> <span class='ocrx_word' id='word_1_20' title='bbox 769 311 917 369; x_wconf 88' lang='lat' dir='ltr'>origini</span> <span class='ocrx_word' id='word_1_21' title='bbox 932 311 1131 352; x_wconf 88' lang='lat' dir='ltr'>Romanae</span> <span class='ocrx_word' id='word_1_22' title='bbox 1144 311 1410 364; x_wconf 82' lang='lat' dir='ltr'>prospiciens,</span> <span class='ocrx_word' id='word_1_23' title='bbox 1427 314 1552 363; x_wconf 84' lang='lat' dir='ltr'>3pue-</span> 
     </span>
     <span class='ocr_line' id='line_1_4' title="bbox 113 369 1556 430; baseline -0.008 -13"><span class='ocrx_word' id='word_1_24' title='bbox 113 392 179 418; x_wconf 92' lang='lat' dir='ltr'>ros</span> <span class='ocrx_word' id='word_1_25' title='bbox 207 377 317 430; x_wconf 84' lang='lat' dir='ltr'>lupae</span> <span class='ocrx_word' id='word_1_26' title='bbox 349 375 510 421; x_wconf 88' lang='lat' dir='ltr'>alendos</span> <span class='ocrx_word' id='word_1_27' title='bbox 531 371 682 413; x_wconf 86' lang='lat' dir='ltr'>obtulit</span> <span class='ocrx_word' id='word_1_28' title='bbox 703 389 711 411; x_wconf 78' lang='lat' dir='ltr'><em>z</em></span> <span class='ocrx_word' id='word_1_29' title='bbox 746 386 852 426; x_wconf 82' lang='lat' dir='ltr'>quae,</span> <span class='ocrx_word' id='word_1_30' title='bbox 876 369 1040 410; x_wconf 88' lang='lat' dir='ltr'>amissis</span> <span class='ocrx_word' id='word_1_31' title='bbox 1058 369 1217 418; x_wconf 86' lang='lat' dir='ltr'>catulis,</span> <span class='ocrx_word' id='word_1_32' title='bbox 1238 369 1410 409; x_wconf 84' lang='lat' dir='ltr'>distenta</span> <span class='ocrx_word' id='word_1_33' title='bbox 1428 370 1556 408; x_wconf 84' lang='lat' dir='ltr'>ubera.</span> 
     </span>
     <span class='ocr_line' id='line_1_5' title="bbox 113 427 1353 486; baseline -0.007 -11"><span class='ocrx_word' id='word_1_34' title='bbox 113 433 333 475; x_wconf 76' lang='lat' dir='ltr'>exinanire</span> <span class='ocrx_word' id='word_1_35' title='bbox 360 431 544 486; x_wconf 89' lang='lat' dir='ltr'>cupiens,</span> <span class='ocrx_word' id='word_1_36' title='bbox 582 430 784 470; x_wconf 88' lang='lat' dir='ltr'>nutricem</span> <span class='ocrx_word' id='word_1_37' title='bbox 822 444 864 469; x_wconf 85' lang='lat' dir='ltr'>se</span> <span class='ocrx_word' id='word_1_38' title='bbox 902 427 1126 468; x_wconf 85' lang='lat' dir='ltr'>infantibus</span> <span class='ocrx_word' id='word_1_39' title='bbox 1163 427 1353 480; x_wconf 80' lang='lat' dir='ltr'>praebuit.</span> 
     </span>
     <span class='ocr_line' id='line_1_6' title="bbox 115 483 1558 547; baseline -0.007 -14"><span class='ocrx_word' id='word_1_40' title='bbox 115 491 266 547; x_wconf 62' lang='lat' dir='ltr'>saepius</span> <span class='ocrx_word' id='word_1_41' title='bbox 285 491 335 531; x_wconf 82' lang='lat' dir='ltr'>ad</span> <span class='ocrx_word' id='word_1_42' title='bbox 354 491 561 544; x_wconf 77' lang='lat' dir='ltr'>parvulos,</span> <span class='ocrx_word' id='word_1_43' title='bbox 582 488 711 529; x_wconf 87' lang='lat' dir='ltr'>veluti</span> <span class='ocrx_word' id='word_1_44' title='bbox 728 489 776 527; x_wconf 86' lang='lat' dir='ltr'>ad</span> <span class='ocrx_word' id='word_1_45' title='bbox 793 487 962 536; x_wconf 83' lang='lat' dir='ltr'>catulos,</span> <span class='ocrx_word' id='word_1_46' title='bbox 981 495 1264 534; x_wconf 86' lang='lat' dir='ltr'>reverteretur,</span> <span class='ocrx_word' id='word_1_47' title='bbox 1283 499 1370 524; x_wconf 87' lang='lat' dir='ltr'>rem</span> <span class='ocrx_word' id='word_1_48' title='bbox 1384 483 1558 537; x_wconf 87' lang='lat' dir='ltr'>Faustu-</span> 
     </span>
     <span class='ocr_line' id='line_1_7' title="bbox 114 543 1559 604; baseline -0.007 -13"><span class='ocrx_word' id='word_1_49' title='bbox 114 551 180 591; x_wconf 86' lang='lat' dir='ltr'>lus</span> <span class='ocrx_word' id='word_1_50' title='bbox 192 556 326 604; x_wconf 83' lang='lat' dir='ltr'>pastor</span> <span class='ocrx_word' id='word_1_51' title='bbox 338 545 640 598; x_wconf 78' lang='lat' dir='ltr'>animadvertit,</span> <span class='ocrx_word' id='word_1_52' title='bbox 652 546 954 599; x_wconf 79' lang='lat' dir='ltr'>subtractosque</span> <span class='ocrx_word' id='word_1_53' title='bbox 966 543 1079 595; x_wconf 87' lang='lat' dir='ltr'>ferae,</span> <span class='ocrx_word' id='word_1_54' title='bbox 1091 543 1194 583; x_wconf 87' lang='lat' dir='ltr'>inter</span> <span class='ocrx_word' id='word_1_55' title='bbox 1209 557 1351 597; x_wconf 86' lang='lat' dir='ltr'>greges</span> <span class='ocrx_word' id='word_1_56' title='bbox 1365 556 1559 594; x_wconf 89' lang='lat' dir='ltr'>pecorum</span> 
     </span>
     <span class='ocr_line' id='line_1_8' title="bbox 123 600 1560 664; baseline -0.008 -15"><span class='ocrx_word' id='word_1_57' title='bbox 123 605 270 664; x_wconf 81' lang='lat' dir='ltr'>agresti</span> <span class='ocrx_word' id='word_1_58' title='bbox 286 604 371 647; x_wconf 63' lang='lat' dir='ltr'>vita</span> <span class='ocrx_word' id='word_1_59' title='bbox 393 612 407 635; x_wconf 84' lang='lat'>⁴</span> <span class='ocrx_word' id='word_1_60' title='bbox 421 604 603 646; x_wconf 88' lang='lat' dir='ltr'>nutrivit.</span> <span class='ocrx_word' id='word_1_61' title='bbox 663 602 857 644; x_wconf 75' lang='lat' dir='ltr'>aMartios</span> <span class='ocrx_word' id='word_1_62' title='bbox 877 616 1023 655; x_wconf 91' lang='lat' dir='ltr'>pueros</span> <span class='ocrx_word' id='word_1_63' title='bbox 1039 600 1184 652; x_wconf 83' lang='lat' dir='ltr'>fuisse,</span> <span class='ocrx_word' id='word_1_64' title='bbox 1198 601 1283 641; x_wconf 88' lang='lat' dir='ltr'>sive</span> <span class='ocrx_word' id='word_1_65' title='bbox 1304 600 1414 655; x_wconf 72' lang='lat' dir='ltr'>quod</span> <span class='ocrx_word' id='word_1_66' title='bbox 1437 601 1478 639; x_wconf 90' lang='lat' dir='ltr'>in</span> <span class='ocrx_word' id='word_1_67' title='bbox 1494 601 1560 639; x_wconf 86' lang='lat' dir='ltr'>lu-</span> 
     </span>
     <span class='ocr_line' id='line_1_9' title="bbox 118 656 1561 716; baseline -0.006 -10"><span class='ocrx_word' id='word_1_68' title='bbox 118 680 168 706; x_wconf 85' lang='lat'>00</span> <span class='ocrx_word' id='word_1_69' title='bbox 188 663 341 705; x_wconf 83' lang='lat' dir='ltr'>Martis</span> <span class='ocrx_word' id='word_1_70' title='bbox 358 663 471 704; x_wconf 84' lang='lat' dir='ltr'>enixi</span> <span class='ocrx_word' id='word_1_71' title='bbox 492 671 598 713; x_wconf 88' lang='lat' dir='ltr'>sunt,</span> <span class='ocrx_word' id='word_1_72' title='bbox 633 661 719 702; x_wconf 88' lang='lat' dir='ltr'>sive</span> <span class='ocrx_word' id='word_1_73' title='bbox 741 660 850 716; x_wconf 74' lang='lat' dir='ltr'>quod</span> <span class='ocrx_word' id='word_1_74' title='bbox 870 660 893 700; x_wconf 79' lang='grc' dir='ltr'>ὲ</span> <span class='ocrx_word' id='word_1_75' title='bbox 913 658 1025 713; x_wconf 64' lang='lat' dir='ltr'>lupa,</span> <span class='ocrx_word' id='word_1_76' title='bbox 1064 664 1153 714; x_wconf 74' lang='lat' dir='ltr'>qu‘ae</span> <span class='ocrx_word' id='word_1_77' title='bbox 1187 657 1230 698; x_wconf 94' lang='lat' dir='ltr'>in</span> <span class='ocrx_word' id='word_1_78' title='bbox 1262 657 1391 699; x_wconf 60' lang='lat' dir='ltr'>tutela</span> <span class='ocrx_word' id='word_1_79' title='bbox 1412 656 1561 698; x_wconf 82' lang='lat' dir='ltr'>Martis</span> 
     </span>
     <span class='ocr_line' id='line_1_10' title="bbox 116 715 1560 773; baseline -0.008 -9"><span class='ocrx_word' id='word_1_80' title='bbox 116 731 190 773; x_wconf 87' lang='lat' dir='ltr'>est,</span> <span class='ocrx_word' id='word_1_81' title='bbox 210 721 369 772; x_wconf 89' lang='lat' dir='ltr'>nutriti,</span> <span class='ocrx_word' id='word_1_82' title='bbox 399 722 514 762; x_wconf 85' lang='lat' dir='ltr'>velut</span> <span class='ocrx_word' id='word_1_83' title='bbox 535 718 761 760; x_wconf 86' lang='lat' dir='ltr'>manifestis</span> <span class='ocrx_word' id='word_1_84' title='bbox 794 717 1058 772; x_wconf 70' lang='lat' dir='ltr'>argumenfis,</span> <span class='ocrx_word' id='word_1_85' title='bbox 1098 717 1314 758; x_wconf 83' lang='lat' dir='ltr'>creditum.</span> <span class='ocrx_word' id='word_1_86' title='bbox 1373 715 1560 765; x_wconf 79' lang='lat' dir='ltr'>Nomina</span> 
     </span>
     <span class='ocr_line' id='line_1_11' title="bbox 114 774 1563 834; baseline -0.006 -13"><span class='ocrx_word' id='word_1_87' title='bbox 114 779 255 834; x_wconf 87' lang='lat' dir='ltr'>pueris</span> <span class='ocrx_word' id='word_1_88' title='bbox 275 779 390 820; x_wconf 85' lang='lat' dir='ltr'>alteri</span> <span class='ocrx_word' id='word_1_89' title='bbox 403 780 534 827; x_wconf 81' lang='lat' dir='ltr'>Remo,</span> <span class='ocrx_word' id='word_1_90' title='bbox 553 777 668 818; x_wconf 87' lang='lat' dir='ltr'>alteri</span> <span class='ocrx_word' id='word_1_91' title='bbox 689 776 848 817; x_wconf 83' lang='lat' dir='ltr'>Romulo</span> <span class='ocrx_word' id='word_1_92' title='bbox 868 775 1000 816; x_wconf 71' lang='lat' dir='ltr'>fuere.</span> <span class='ocrx_word' id='word_1_93' title='bbox 1060 774 1227 816; x_wconf 90' lang='lat' dir='ltr'>Adultis</span> <span class='ocrx_word' id='word_1_94' title='bbox 1246 775 1348 814; x_wconf 89' lang='lat' dir='ltr'>inter</span> <span class='ocrx_word' id='word_1_95' title='bbox 1367 782 1563 827; x_wconf 87' lang='lat' dir='ltr'>pastores,</span> 
     </span>
     <span class='ocr_line' id='line_1_12' title="bbox 112 833 1564 893; baseline -0.006 -14"><span class='ocrx_word' id='word_1_96' title='bbox 112 839 163 879; x_wconf 91' lang='lat' dir='ltr'>de</span> <span class='ocrx_word' id='word_1_97' title='bbox 185 836 334 880; x_wconf 85' lang='lat' dir='ltr'>virtute</span> <span class='ocrx_word' id='word_1_98' title='bbox 370 835 609 893; x_wconf 89' lang='lat' dir='ltr'>quotidiana</span> <span class='ocrx_word' id='word_1_99' title='bbox 629 834 862 885; x_wconf 86' lang='lat' dir='ltr'>certamina,</span> <span class='ocrx_word' id='word_1_100' title='bbox 898 841 939 874; x_wconf 84' lang='lat' dir='ltr'>et</span> <span class='ocrx_word' id='word_1_101' title='bbox 973 833 1080 874; x_wconf 86' lang='lat' dir='ltr'>vires</span> <span class='ocrx_word' id='word_1_102' title='bbox 1100 843 1138 873; x_wconf 89' lang='lat' dir='ltr'>et</span> <span class='ocrx_word' id='word_1_103' title='bbox 1162 833 1440 886; x_wconf 77' lang='lat' dir='ltr'>pernicitatem</span> <span class='ocrx_word' id='word_1_104' title='bbox 1460 845 1564 871; x_wconf 81' lang='lat' dir='ltr'>aux-</span> 
     </span>
     <span class='ocr_line' id='line_1_13' title="bbox 116 889 1563 951; baseline -0.006 -15"><span class='ocrx_word' id='word_1_105' title='bbox 116 895 202 937; x_wconf 63' lang='lat' dir='ltr'>ere.</span> <span class='ocrx_word' id='word_1_106' title='bbox 261 894 396 951; x_wconf 86' lang='lat' dir='ltr'>Igitur</span> <span class='ocrx_word' id='word_1_107' title='bbox 414 894 510 934; x_wconf 78' lang='lat' dir='ltr'>cum</span> <span class='ocrx_word' id='word_1_108' title='bbox 528 894 704 934; x_wconf 87' lang='lat' dir='ltr'>latrones</span> <span class='ocrx_word' id='word_1_109' title='bbox 728 892 750 932; x_wconf 76' lang='grc' dir='ltr'>ὲ</span> <span class='ocrx_word' id='word_1_110' title='bbox 772 890 913 946; x_wconf 68' lang='lat' dir='ltr'>rapina</span> <span class='ocrx_word' id='word_1_111' title='bbox 934 905 1131 944; x_wconf 90' lang='lat' dir='ltr'>pecorum</span> <span class='ocrx_word' id='word_1_112' title='bbox 1154 890 1352 931; x_wconf 75' lang='lat' dir='ltr'>industrie</span> <span class='ocrx_word' id='word_1_113' title='bbox 1370 889 1563 944; x_wconf 87' lang='lat' dir='ltr'>frequen-</span> 
     </span>
     <span class='ocr_line' id='line_1_14' title="bbox 116 945 1568 1009; baseline -0.007 -14"><span class='ocrx_word' id='word_1_114' title='bbox 116 955 260 1009; x_wconf 69' lang='lat' dir='ltr'>terque</span> <span class='ocrx_word' id='word_1_115' title='bbox 269 960 588 1003; x_wconf 83' lang='lat' dir='ltr'>summoverent,</span> <span class='ocrx_word' id='word_1_116' title='bbox 599 951 773 994; x_wconf 83' lang='lat' dir='ltr'>⁵Remus</span> <span class='ocrx_word' id='word_1_117' title='bbox 785 953 836 991; x_wconf 93' lang='lat' dir='ltr'>ab</span> <span class='ocrx_word' id='word_1_118' title='bbox 849 949 994 990; x_wconf 90' lang='lat' dir='ltr'>iisdem</span> <span class='ocrx_word' id='word_1_119' title='bbox 1006 948 1233 989; x_wconf 70' lang='lat' dir='ltr'>latronibus</span> <span class='ocrx_word' id='word_1_120' title='bbox 1245 958 1397 1001; x_wconf 86' lang='lat' dir='ltr'>captus,</span> <span class='ocrx_word' id='word_1_121' title='bbox 1412 948 1428 972; x_wconf 74' lang='lat' dir='ltr'>b</span> <span class='ocrx_word' id='word_1_122' title='bbox 1440 945 1568 986; x_wconf 86' lang='lat' dir='ltr'>veluti</span> 
     </span>
     <span class='ocr_line' id='line_1_15' title="bbox 119 1003 1567 1065; baseline -0.006 -13"><span class='ocrx_word' id='word_1_123' title='bbox 119 1011 210 1065; x_wconf 88' lang='lat' dir='ltr'>ipse</span> <span class='ocrx_word' id='word_1_124' title='bbox 241 1011 415 1063; x_wconf 81' lang='lat' dir='ltr'>fecisset,</span> <span class='ocrx_word' id='word_1_125' title='bbox 452 1012 563 1065; x_wconf 89' lang='lat' dir='ltr'>quod</span> <span class='ocrx_word' id='word_1_126' title='bbox 583 1009 625 1050; x_wconf 88' lang='lat' dir='ltr'>in</span> <span class='ocrx_word' id='word_1_127' title='bbox 646 1008 739 1050; x_wconf 85' lang='lat' dir='ltr'>aliis</span> <span class='ocrx_word' id='word_1_128' title='bbox 775 1007 1030 1061; x_wconf 88' lang='lat' dir='ltr'>prohibebat,</span> <span class='ocrx_word' id='word_1_129' title='bbox 1069 1006 1157 1062; x_wconf 90' lang='lat' dir='ltr'>regi</span> <span class='ocrx_word' id='word_1_130' title='bbox 1179 1006 1342 1046; x_wconf 85' lang='lat' dir='ltr'>offertur</span> <span class='ocrx_word' id='word_1_131' title='bbox 1359 1023 1370 1054; x_wconf 84' lang='lat'>3</span> <span class='ocrx_word' id='word_1_132' title='bbox 1403 1003 1567 1044; x_wconf 85' lang='lat' dir='ltr'>crimini</span> 
     </span>
     <span class='ocr_line' id='line_1_16' title="bbox 119 1062 1567 1124; baseline -0.006 -14"><span class='ocrx_word' id='word_1_133' title='bbox 119 1071 251 1120; x_wconf 84' lang='lat' dir='ltr'>datur,</span> <span class='ocrx_word' id='word_1_134' title='bbox 271 1067 386 1124; x_wconf 86' lang='lat' dir='ltr'>quasi</span> <span class='ocrx_word' id='word_1_135' title='bbox 405 1075 548 1124; x_wconf 84' lang='lat' dir='ltr'>greges</span> <span class='ocrx_word' id='word_1_136' title='bbox 567 1066 802 1108; x_wconf 85' lang='lat' dir='ltr'>Numitoris</span> <span class='ocrx_word' id='word_1_137' title='bbox 822 1065 1014 1106; x_wconf 86' lang='lat' dir='ltr'>infestare</span> <span class='ocrx_word' id='word_1_138' title='bbox 1033 1065 1176 1106; x_wconf 83' lang='lat' dir='ltr'>solitus</span> <span class='ocrx_word' id='word_1_139' title='bbox 1200 1073 1318 1105; x_wconf 83' lang='lat' dir='ltr'>esset.</span> <span class='ocrx_word' id='word_1_140' title='bbox 1370 1066 1386 1084; x_wconf 72' lang='lat'>⁶</span> <span class='ocrx_word' id='word_1_141' title='bbox 1402 1063 1520 1102; x_wconf 87' lang='lat' dir='ltr'>Tunc</span> <span class='ocrx_word' id='word_1_142' title='bbox 1541 1062 1567 1101; x_wconf 72' lang='grc' dir='ltr'>ὲ.</span> 
     </span>
     <span class='ocr_line' id='line_1_17' title="bbox 120 1119 1568 1184; baseline -0.006 -15"><span class='ocrx_word' id='word_1_143' title='bbox 120 1142 217 1184; x_wconf 82' lang='lat' dir='ltr'>rege</span> <span class='ocrx_word' id='word_1_144' title='bbox 236 1125 452 1168; x_wconf 77' lang='lat' dir='ltr'>Numitori</span> <span class='ocrx_word' id='word_1_145' title='bbox 471 1125 514 1166; x_wconf 88' lang='lat' dir='ltr'>in</span> <span class='ocrx_word' id='word_1_146' title='bbox 534 1123 942 1167; x_wconf 82' lang='lat' dir='ltr'>ultionem.traditur.</span> <span class='ocrx_word' id='word_1_147' title='bbox 986 1123 1066 1164; x_wconf 87' lang='lat' dir='ltr'>Sed</span> <span class='ocrx_word' id='word_1_148' title='bbox 1082 1122 1282 1163; x_wconf 84' lang='lat' dir='ltr'>Numitor</span> <span class='ocrx_word' id='word_1_149' title='bbox 1297 1119 1568 1162; x_wconf 53' lang='lat' dir='ltr'>adolescentia</span> 
     </span>
     <span class='ocr_line' id='line_1_18' title="bbox 115 1179 1570 1240; baseline -0.006 -14"><span class='ocrx_word' id='word_1_150' title='bbox 115 1184 280 1240; x_wconf 88' lang='lat' dir='ltr'>juvenis</span> <span class='ocrx_word' id='word_1_151' title='bbox 301 1193 528 1239; x_wconf 78' lang='lat' dir='ltr'>permotuS,</span> <span class='ocrx_word' id='word_1_152' title='bbox 549 1192 589 1224; x_wconf 89' lang='lat' dir='ltr'>et</span> <span class='ocrx_word' id='word_1_153' title='bbox 610 1183 652 1223; x_wconf 88' lang='lat' dir='ltr'>in</span> <span class='ocrx_word' id='word_1_154' title='bbox 672 1181 946 1235; x_wconf 88' lang='lat' dir='ltr'>suspicionem</span> <span class='ocrx_word' id='word_1_155' title='bbox 977 1180 1156 1235; x_wconf 81' lang='lat' dir='ltr'>expositi</span> <span class='ocrx_word' id='word_1_156' title='bbox 1175 1179 1334 1233; x_wconf 87' lang='lat' dir='ltr'>nepotis</span> <span class='ocrx_word' id='word_1_157' title='bbox 1356 1180 1570 1229; x_wconf 83' lang='lat' dir='ltr'>adductus,</span> 
     </span>
     <span class='ocr_line' id='line_1_19' title="bbox 122 1238 1572 1288; baseline -0.005 -5"><span class='ocrx_word' id='word_1_158' title='bbox 122 1242 220 1285; x_wconf 75' lang='lat' dir='ltr'>cum</span> <span class='ocrx_word' id='word_1_159' title='bbox 249 1257 345 1283; x_wconf 89' lang='lat' dir='ltr'>eum</span> <span class='ocrx_word' id='word_1_160' title='bbox 366 1257 472 1283; x_wconf 89' lang='lat' dir='ltr'>nunc</span> <span class='ocrx_word' id='word_1_161' title='bbox 492 1241 830 1282; x_wconf 87' lang='lat' dir='ltr'>lineamentorum</span> <span class='ocrx_word' id='word_1_162' title='bbox 849 1238 944 1280; x_wconf 86' lang='lat' dir='ltr'>filiae</span> <span class='ocrx_word' id='word_1_163' title='bbox 967 1238 1209 1288; x_wconf 87' lang='lat' dir='ltr'>similitudo,</span> <span class='ocrx_word' id='word_1_164' title='bbox 1244 1253 1350 1278; x_wconf 88' lang='lat' dir='ltr'>nunc</span> <span class='ocrx_word' id='word_1_165' title='bbox 1373 1247 1467 1278; x_wconf 85' lang='lat' dir='ltr'>aetas</span> <span class='ocrx_word' id='word_1_166' title='bbox 1497 1251 1572 1276; x_wconf 58' lang='lat' dir='ltr'>exa</span> 
     </span>
     <span class='ocr_line' id='line_1_20' title="bbox 121 1294 1572 1354; baseline -0.006 -13"><span class='ocrx_word' id='word_1_167' title='bbox 121 1299 334 1354; x_wconf 84' lang='lat' dir='ltr'>positionis</span> <span class='ocrx_word' id='word_1_168' title='bbox 373 1299 626 1353; x_wconf 85' lang='lat' dir='ltr'>temporibus</span> <span class='ocrx_word' id='word_1_169' title='bbox 670 1312 910 1354; x_wconf 89' lang='lat' dir='ltr'>congruens,</span> <span class='ocrx_word' id='word_1_170' title='bbox 955 1296 1124 1337; x_wconf 80' lang='lat' dir='ltr'>anxium</span> <span class='ocrx_word' id='word_1_171' title='bbox 1170 1304 1363 1345; x_wconf 87' lang='lat' dir='ltr'>tenerent,</span> <span class='ocrx_word' id='word_1_172' title='bbox 1405 1294 1572 1347; x_wconf 69' lang='lat' dir='ltr'>repente</span> 
     </span>
     <span class='ocr_line' id='line_1_21' title="bbox 120 1350 1569 1412; baseline -0.007 -13"><span class='ocrx_word' id='word_1_173' title='bbox 120 1361 138 1385; x_wconf 85' lang='lat'><strong>⁶</strong></span> <span class='ocrx_word' id='word_1_174' title='bbox 151 1357 367 1399; x_wconf 85' lang='lat' dir='ltr'>Faustulus</span> <span class='ocrx_word' id='word_1_175' title='bbox 398 1372 493 1398; x_wconf 89' lang='lat' dir='ltr'>cum</span> <span class='ocrx_word' id='word_1_176' title='bbox 525 1358 709 1398; x_wconf 88' lang='lat' dir='ltr'>Romulo</span> <span class='ocrx_word' id='word_1_177' title='bbox 743 1355 979 1409; x_wconf 87' lang='lat' dir='ltr'>supervenit</span> <span class='ocrx_word' id='word_1_178' title='bbox 997 1372 1006 1394; x_wconf 72' lang='grc' dir='ltr'>ε</span> <span class='ocrx_word' id='word_1_179' title='bbox 1040 1355 1063 1394; x_wconf 75' lang='grc' dir='ltr'>ὲ</span> <span class='ocrx_word' id='word_1_180' title='bbox 1084 1369 1181 1410; x_wconf 88' lang='lat' dir='ltr'>quo,</span> <span class='ocrx_word' id='word_1_181' title='bbox 1213 1353 1383 1412; x_wconf 17' lang='lat' dir='ltr'>cognita,</span> <span class='ocrx_word' id='word_1_182' title='bbox 1409 1350 1569 1406; x_wconf 84' lang='lat' dir='ltr'>origine</span> 
     </span>
     <span class='ocr_line' id='line_1_22' title="bbox 121 1411 1569 1469; baseline -0.006 -13"><span class='ocrx_word' id='word_1_183' title='bbox 121 1429 356 1469; x_wconf 89' lang='lat' dir='ltr'>puerorum,</span> <span class='ocrx_word' id='word_1_184' title='bbox 377 1415 485 1456; x_wconf 61' lang='lat' dir='ltr'>facta</span> <span class='ocrx_word' id='word_1_185' title='bbox 505 1413 820 1468; x_wconf 85' lang='lat' dir='ltr'>conspiratione,</span> <span class='ocrx_word' id='word_1_186' title='bbox 842 1421 883 1454; x_wconf 82' lang='lat' dir='ltr'>et</span> <span class='ocrx_word' id='word_1_187' title='bbox 899 1413 1173 1454; x_wconf 85' lang='lat' dir='ltr'>adolescentes</span> <span class='ocrx_word' id='word_1_188' title='bbox 1194 1411 1235 1452; x_wconf 90' lang='lat' dir='ltr'>in</span> <span class='ocrx_word' id='word_1_189' title='bbox 1256 1411 1459 1452; x_wconf 85' lang='lat' dir='ltr'>ultionem</span> <span class='ocrx_word' id='word_1_190' title='bbox 1482 1424 1569 1449; x_wconf 88' lang='lat' dir='ltr'>ma-</span> 
     </span>
     <span class='ocr_line' id='line_1_23' title="bbox 119 1469 1566 1526; baseline -0.005 -12"><span class='ocrx_word' id='word_1_191' title='bbox 119 1473 389 1526; x_wconf 75' lang='lat' dir='ltr'>ternaenecis,</span> <span class='ocrx_word' id='word_1_192' title='bbox 421 1485 460 1514; x_wconf 89' lang='lat' dir='ltr'>et</span> <span class='ocrx_word' id='word_1_193' title='bbox 495 1472 694 1513; x_wconf 88' lang='lat' dir='ltr'>Numitor</span> <span class='ocrx_word' id='word_1_194' title='bbox 713 1471 756 1513; x_wconf 89' lang='lat' dir='ltr'>in</span> <span class='ocrx_word' id='word_1_195' title='bbox 775 1471 998 1526; x_wconf 84' lang='lat' dir='ltr'>vindictam</span> <span class='ocrx_word' id='word_1_196' title='bbox 1015 1476 1043 1524; x_wconf 25' lang='lat'>⁴⁷</span> <span class='ocrx_word' id='word_1_197' title='bbox 1061 1470 1188 1524; x_wconf 87' lang='lat' dir='ltr'>erepti</span> <span class='ocrx_word' id='word_1_198' title='bbox 1207 1469 1323 1524; x_wconf 87' lang='lat' dir='ltr'>regni</span> <span class='ocrx_word' id='word_1_199' title='bbox 1344 1475 1566 1508; x_wconf 81' lang='lat' dir='ltr'>armantur.</span> 
     </span>
    </p>
   </div>
   <div class='ocr_carea' id='block_1_3' title="bbox 661 1588 1039 1621">
    <p class='ocr_par' dir='ltr' id='par_1_3' title="bbox 661 1588 1039 1621">
     <span class='ocr_line' id='line_1_24' title="bbox 661 1588 1039 1621; baseline -0.003 -2"><span class='ocrx_word' id='word_1_200' title='bbox 661 1588 1039 1621; x_wconf 82' lang='lat' dir='ltr'>INTERPRETATIO.</span> 
     </span>
    </p>
   </div>
   <div class='ocr_carea' id='block_1_4' title="bbox 116 1650 1569 1824">
    <p class='ocr_par' dir='ltr' id='par_1_4' title="bbox 116 1650 1569 1824">
     <span class='ocr_line' id='line_1_25' title="bbox 164 1650 1569 1696; baseline -0.005 -10"><span class='ocrx_word' id='word_1_201' title='bbox 164 1653 181 1674; x_wconf 76' lang='lat'>²</span> <span class='ocrx_word' id='word_1_202' title='bbox 201 1656 344 1686; x_wconf 56' lang='lat' dir='ltr'>Credin·</span> <span class='ocrx_word' id='word_1_203' title='bbox 366 1660 406 1686; x_wconf 71' lang='lat' dir='ltr'>est</span> <span class='ocrx_word' id='word_1_204' title='bbox 427 1655 490 1685; x_wconf 73' lang='lat' dir='ltr'>illos</span> <span class='ocrx_word' id='word_1_205' title='bbox 508 1662 610 1696; x_wconf 81' lang='lat' dir='ltr'>pueros</span> <span class='ocrx_word' id='word_1_206' title='bbox 633 1655 728 1696; x_wconf 80' lang='lat' dir='ltr'>aliquo</span> <span class='ocrx_word' id='word_1_207' title='bbox 755 1656 830 1685; x_wconf 86' lang='lat' dir='ltr'>modo</span> <span class='ocrx_word' id='word_1_208' title='bbox 906 1655 923 1679; x_wconf 82' lang='lat' dir='ltr'>b</span> <span class='ocrx_word' id='word_1_209' title='bbox 940 1655 1016 1696; x_wconf 80' lang='lat' dir='ltr'>Regi</span> <span class='ocrx_word' id='word_1_210' title='bbox 1028 1654 1147 1694; x_wconf 71' lang='lat' dir='ltr'>ffrtur</span> <span class='ocrx_word' id='word_1_211' title='bbox 1161 1653 1243 1693; x_wconf 83' lang='lat' dir='ltr'>quasi</span> <span class='ocrx_word' id='word_1_212' title='bbox 1256 1653 1314 1693; x_wconf 82' lang='lat' dir='ltr'>ipse</span> <span class='ocrx_word' id='word_1_213' title='bbox 1328 1656 1396 1681; x_wconf 75' lang='lat' dir='ltr'>esset</span> <span class='ocrx_word' id='word_1_214' title='bbox 1408 1650 1493 1685; x_wconf 74' lang='lat' dir='ltr'>latro,</span> <span class='ocrx_word' id='word_1_215' title='bbox 1504 1650 1569 1679; x_wconf 79' lang='lat' dir='ltr'>dum</span> 
     </span>
     <span class='ocr_line' id='line_1_26' title="bbox 116 1695 1221 1740; baseline -0.004 -12"><span class='ocrx_word' id='word_1_216' title='bbox 116 1700 265 1740; x_wconf 70' lang='lat' dir='ltr'>pertinere</span> <span class='ocrx_word' id='word_1_217' title='bbox 277 1700 318 1728; x_wconf 84' lang='lat' dir='ltr'>ad</span> <span class='ocrx_word' id='word_1_218' title='bbox 330 1699 465 1729; x_wconf 72' lang='lat' dir='ltr'>Martem</span> <span class='ocrx_word' id='word_1_219' title='bbox 478 1700 559 1739; x_wconf 80' lang='lat' dir='ltr'>quau&#39;</span> <span class='ocrx_word' id='word_1_220' title='bbox 571 1699 730 1739; x_wconf 59' lang='lat' dir='ltr'>manifestis</span> <span class='ocrx_word' id='word_1_221' title='bbox 740 1709 827 1738; x_wconf 73' lang='lat' dir='ltr'>argu:-</span> <span class='ocrx_word' id='word_1_222' title='bbox 861 1698 984 1726; x_wconf 73' lang='lat' dir='ltr'>latrones</span> <span class='ocrx_word' id='word_1_223' title='bbox 992 1695 1221 1738; x_wconf 67' lang='lat' dir='ltr'>perseqnebatur.</span> 
     </span>
     <span class='ocr_line' id='line_1_27' title="bbox 122 1734 1567 1781; baseline -0.005 -10"><span class='ocrx_word' id='word_1_224' title='bbox 122 1742 234 1778; x_wconf 67' lang='lat' dir='ltr'>uentis,</span> <span class='ocrx_word' id='word_1_225' title='bbox 246 1742 309 1771; x_wconf 74' lang='lat' dir='ltr'>sive</span> <span class='ocrx_word' id='word_1_226' title='bbox 321 1740 393 1781; x_wconf 63' lang='lat' dir='ltr'>qubd</span> <span class='ocrx_word' id='word_1_227' title='bbox 401 1741 464 1779; x_wconf 68' lang='grc' dir='ltr'>ηαξὶ</span> <span class='ocrx_word' id='word_1_228' title='bbox 477 1746 564 1770; x_wconf 74' lang='lat' dir='ltr'>essene</span> <span class='ocrx_word' id='word_1_229' title='bbox 572 1741 627 1770; x_wconf 86' lang='lat' dir='ltr'>loco</span> <span class='ocrx_word' id='word_1_230' title='bbox 639 1752 719 1770; x_wconf 78' lang='lat' dir='ltr'>:acro</span> <span class='ocrx_word' id='word_1_231' title='bbox 732 1741 825 1770; x_wconf 87' lang='lat' dir='ltr'>Mar·</span> <span class='ocrx_word' id='word_1_232' title='bbox 905 1739 920 1758; x_wconf 76' lang='lat' dir='ltr'>c</span> <span class='ocrx_word' id='word_1_233' title='bbox 947 1740 1025 1770; x_wconf 78' lang='lat' dir='ltr'>Tunc</span> <span class='ocrx_word' id='word_1_234' title='bbox 1038 1740 1165 1769; x_wconf 78' lang='lat' dir='ltr'>traditur</span> <span class='ocrx_word' id='word_1_235' title='bbox 1182 1738 1343 1772; x_wconf 74' lang='lat' dir='ltr'>Numitori,</span> <span class='ocrx_word' id='word_1_236' title='bbox 1366 1742 1397 1766; x_wconf 76' lang='lat' dir='ltr'>ut</span> <span class='ocrx_word' id='word_1_237' title='bbox 1415 1742 1508 1777; x_wconf 68' lang='lat' dir='ltr'>parm</span> <span class='ocrx_word' id='word_1_238' title='bbox 1532 1734 1567 1764; x_wconf 69' lang='lat' dir='ltr'>ab</span> 
     </span>
     <span class='ocr_line' id='line_1_28' title="bbox 123 1781 1030 1824; baseline 0 -12"><span class='ocrx_word' id='word_1_239' title='bbox 123 1786 160 1819; x_wconf 77' lang='lat' dir='ltr'>ti,</span> <span class='ocrx_word' id='word_1_240' title='bbox 181 1785 244 1814; x_wconf 78' lang='lat' dir='ltr'>n‘ve</span> <span class='ocrx_word' id='word_1_241' title='bbox 255 1782 330 1824; x_wconf 63' lang='lat' dir='ltr'>qubd</span> <span class='ocrx_word' id='word_1_242' title='bbox 339 1784 447 1814; x_wconf 73' lang='lat' dir='ltr'>educati</span> <span class='ocrx_word' id='word_1_243' title='bbox 459 1781 478 1813; x_wconf 74' lang='grc' dir='ltr'><em>ἃ</em></span> <span class='ocrx_word' id='word_1_244' title='bbox 490 1781 569 1824; x_wconf 61' lang='lat'>11:25,</span> <span class='ocrx_word' id='word_1_245' title='bbox 584 1795 644 1824; x_wconf 81' lang='lat' dir='ltr'>quae</span> <span class='ocrx_word' id='word_1_246' title='bbox 657 1788 698 1814; x_wconf 76' lang='lat' dir='ltr'>est</span> <span class='ocrx_word' id='word_1_247' title='bbox 711 1785 740 1813; x_wconf 82' lang='lat' dir='ltr'>in</span> <span class='ocrx_word' id='word_1_248' title='bbox 755 1789 826 1813; x_wconf 82' lang='lat' dir='ltr'>tute·</span> <span class='ocrx_word' id='word_1_249' title='bbox 860 1794 889 1813; x_wconf 82' lang='lat' dir='ltr'>eo</span> <span class='ocrx_word' id='word_1_250' title='bbox 903 1788 1030 1812; x_wconf 76' lang='lat' dir='ltr'>sumeret.</span> 
     </span>
    </p>
   </div>
   <div class='ocr_carea' id='block_1_5' title="bbox 123 1824 943 1929">
    <p class='ocr_par' dir='ltr' id='par_1_5' title="bbox 123 1824 943 1929">
     <span class='ocr_line' id='line_1_29' title="bbox 123 1824 302 1857; baseline 0 -1"><span class='ocrx_word' id='word_1_251' title='bbox 123 1824 155 1856; x_wconf 68' lang='lat'>16</span> <span class='ocrx_word' id='word_1_252' title='bbox 169 1826 302 1857; x_wconf 73' lang='lat' dir='ltr'>Martis.</span> 
     </span>
     <span class='ocr_line' id='line_1_30' title="bbox 750 1894 943 1929; baseline -0.005 0"><span class='ocrx_word' id='word_1_253' title='bbox 750 1899 790 1929; x_wconf 90' lang='lat' dir='ltr'>N</span> <span class='ocrx_word' id='word_1_254' title='bbox 806 1897 829 1928; x_wconf 89' lang='lat' dir='ltr'><em>O</em></span> <span class='ocrx_word' id='word_1_255' title='bbox 848 1894 943 1929; x_wconf 77' lang='lat' dir='ltr'>TAE.</span> 
     </span>
    </p>
   </div>
   <div class='ocr_carea' id='block_1_6' title="bbox 126 1970 1572 2058">
    <p class='ocr_par' dir='ltr' id='par_1_6' title="bbox 126 1970 1572 2058">
     <span class='ocr_line' id='line_1_31' title="bbox 173 1970 1570 2049; baseline -0.004 -42"><span class='ocrx_word' id='word_1_256' title='bbox 173 1979 199 2007; x_wconf 89' lang='lat'>1.</span> <span class='ocrx_word' id='word_1_257' title='bbox 220 1970 337 2049; x_wconf 58' lang='lat' dir='ltr'>Exssom‘</span> <span class='ocrx_word' id='word_1_258' title='bbox 349 1974 456 2019; x_wconf 59' lang='lat' dir='ltr'>jubet]</span> <span class='ocrx_word' id='word_1_259' title='bbox 499 1974 590 2008; x_wconf 73' lang='lat' dir='ltr'>Prius</span> <span class='ocrx_word' id='word_1_260' title='bbox 603 1984 638 2005; x_wconf 88' lang='lat' dir='ltr'>re</span> <span class='ocrx_word' id='word_1_261' title='bbox 652 1972 692 2005; x_wconf 86' lang='lat' dir='ltr'>ad</span> <span class='ocrx_word' id='word_1_262' title='bbox 707 1973 828 2005; x_wconf 77' lang='lat' dir='ltr'>Iudices</span> <span class='ocrx_word' id='word_1_263' title='bbox 907 1976 939 2003; x_wconf 84' lang='lat'>4.</span> <span class='ocrx_word' id='word_1_264' title='bbox 960 1972 1128 2014; x_wconf 60' lang='lat' dir='ltr'>Nutrivit]</span> <span class='ocrx_word' id='word_1_265' title='bbox 1173 1971 1365 2004; x_wconf 86' lang='lat' dir='ltr'>Nutriendos</span> <span class='ocrx_word' id='word_1_266' title='bbox 1380 1971 1466 2003; x_wconf 84' lang='lat' dir='ltr'>dedit</span> <span class='ocrx_word' id='word_1_267' title='bbox 1482 1971 1570 2002; x_wconf 76' lang='lat' dir='ltr'>uxori</span> 
     </span>
     <span class='ocr_line' id='line_1_32' title="bbox 126 2014 1572 2058; baseline -0.006 -7"><span class='ocrx_word' id='word_1_268' title='bbox 126 2019 166 2051; x_wconf 70' lang='lat' dir='ltr'>ab</span> <span class='ocrx_word' id='word_1_269' title='bbox 183 2022 269 2050; x_wconf 84' lang='lat' dir='ltr'>Amu</span> <span class='ocrx_word' id='word_1_270' title='bbox 285 2018 313 2049; x_wconf 84' lang='lat' dir='ltr'>&#39;o</span> <span class='ocrx_word' id='word_1_271' title='bbox 326 2016 440 2055; x_wconf 63' lang='lat' dir='ltr'>delati,</span> <span class='ocrx_word' id='word_1_272' title='bbox 462 2017 500 2048; x_wconf 87' lang='lat' dir='ltr'>ab</span> <span class='ocrx_word' id='word_1_273' title='bbox 516 2017 552 2048; x_wconf 81' lang='lat' dir='ltr'>iis</span> <span class='ocrx_word' id='word_1_274' title='bbox 570 2017 688 2058; x_wconf 85' lang='lat' dir='ltr'>jussum</span> <span class='ocrx_word' id='word_1_275' title='bbox 715 2024 771 2055; x_wconf 87' lang='lat' dir='ltr'>est,</span> <span class='ocrx_word' id='word_1_276' title='bbox 793 2024 828 2047; x_wconf 90' lang='lat' dir='ltr'>ut</span> <span class='ocrx_word' id='word_1_277' title='bbox 866 2017 961 2047; x_wconf 81' lang='lat' dir='ltr'>Accae</span> <span class='ocrx_word' id='word_1_278' title='bbox 976 2018 1165 2052; x_wconf 68' lang='lat' dir='ltr'>Laurentiae,</span> <span class='ocrx_word' id='word_1_279' title='bbox 1179 2027 1247 2056; x_wconf 90' lang='lat' dir='ltr'>quae</span> <span class='ocrx_word' id='word_1_280' title='bbox 1258 2025 1364 2046; x_wconf 83' lang='lat' dir='ltr'>recens</span> <span class='ocrx_word' id='word_1_281' title='bbox 1376 2014 1476 2045; x_wconf 87' lang='lat' dir='ltr'>filium</span> <span class='ocrx_word' id='word_1_282' title='bbox 1487 2024 1572 2044; x_wconf 82' lang='lat' dir='ltr'>mor-</span> 
     </span>
    </p>
   </div>
   <div class='ocr_carea' id='block_1_7' title="bbox 1414 427 1589 481">
    <p class='ocr_par' dir='ltr' id='par_1_7' title="bbox 1414 427 1589 481">
     <span class='ocr_line' id='line_1_33' title="bbox 1414 427 1589 481; baseline -0.006 -16"><span class='ocrx_word' id='word_1_283' title='bbox 1414 427 1557 481; x_wconf 67' lang='lat' dir='ltr'>Quum</span> <span class='ocrx_word' id='word_1_284' title='bbox 1586 446 1589 447; x_wconf 41' lang='lat'><em>⁷</em></span> 
     </span>
    </p>
   </div>
   <div class='ocr_carea' id='block_1_8' title="bbox 126 2059 839 2781">
    <p class='ocr_par' dir='ltr' id='par_1_8' title="bbox 126 2059 829 2146">
     <span class='ocr_line' id='line_1_34' title="bbox 126 2059 829 2102; baseline -0.007 -8"><span class='ocrx_word' id='word_1_285' title='bbox 126 2062 217 2094; x_wconf 85' lang='lat' dir='ltr'>liberi</span> <span class='ocrx_word' id='word_1_286' title='bbox 231 2061 263 2092; x_wconf 86' lang='lat' dir='ltr'>in</span> <span class='ocrx_word' id='word_1_287' title='bbox 277 2059 419 2092; x_wconf 86' lang='lat' dir='ltr'>Tiberim</span> <span class='ocrx_word' id='word_1_288' title='bbox 435 2059 673 2102; x_wconf 85' lang='lat' dir='ltr'>projicerentur,</span> <span class='ocrx_word' id='word_1_289' title='bbox 694 2067 726 2090; x_wconf 92' lang='lat' dir='ltr'>et</span> <span class='ocrx_word' id='word_1_290' title='bbox 742 2059 829 2089; x_wconf 86' lang='lat' dir='ltr'>Rhea</span> 
     </span>
     <span class='ocr_line' id='line_1_35' title="bbox 126 2104 500 2146; baseline -0.005 -10"><span class='ocrx_word' id='word_1_291' title='bbox 126 2104 225 2146; x_wconf 83' lang='lat' dir='ltr'>virgis</span> <span class='ocrx_word' id='word_1_292' title='bbox 239 2113 314 2135; x_wconf 78' lang='lat' dir='ltr'>caesa</span> <span class='ocrx_word' id='word_1_293' title='bbox 328 2110 500 2134; x_wconf 77' lang='lat' dir='ltr'>necaretur.</span> 
     </span>
    </p>

    <p class='ocr_par' dir='ltr' id='par_1_9' title="bbox 128 2143 834 2348">
     <span class='ocr_line' id='line_1_36' title="bbox 171 2143 830 2186; baseline -0.006 -8"><span class='ocrx_word' id='word_1_294' title='bbox 171 2152 200 2178; x_wconf 79' lang='lat'>2.</span> <span class='ocrx_word' id='word_1_295' title='bbox 225 2148 258 2177; x_wconf 85' lang='lat' dir='ltr'><em>V</em></span> <span class='ocrx_word' id='word_1_296' title='bbox 255 2147 352 2176; x_wconf 80' lang='lat' dir='ltr'>incutis</span> <span class='ocrx_word' id='word_1_297' title='bbox 374 2143 493 2186; x_wconf 61' lang='lat' dir='ltr'>onerat]</span> <span class='ocrx_word' id='word_1_298' title='bbox 534 2145 687 2176; x_wconf 79' lang='lat' dir='ltr'>Necatam</span> <span class='ocrx_word' id='word_1_299' title='bbox 713 2144 830 2185; x_wconf 82' lang='lat' dir='ltr'>scripsit</span> 
     </span>
     <span class='ocr_line' id='line_1_37' title="bbox 128 2186 828 2225; baseline -0.006 -5"><span class='ocrx_word' id='word_1_300' title='bbox 128 2187 268 2220; x_wconf 86' lang='lat' dir='ltr'>Licinius</span> <span class='ocrx_word' id='word_1_301' title='bbox 283 2188 408 2225; x_wconf 83' lang='lat' dir='ltr'>Macer,</span> <span class='ocrx_word' id='word_1_302' title='bbox 420 2186 473 2218; x_wconf 84' lang='lat' dir='ltr'>sed</span> <span class='ocrx_word' id='word_1_303' title='bbox 487 2186 598 2218; x_wconf 74' lang='lat' dir='ltr'>Livius</span> <span class='ocrx_word' id='word_1_304' title='bbox 612 2188 708 2218; x_wconf 85' lang='lat' dir='ltr'>vitam</span> <span class='ocrx_word' id='word_1_305' title='bbox 723 2195 755 2217; x_wconf 86' lang='lat' dir='ltr'>et</span> <span class='ocrx_word' id='word_1_306' title='bbox 770 2197 828 2217; x_wconf 76' lang='lat' dir='ltr'>ser-</span> 
     </span>
     <span class='ocr_line' id='line_1_38' title="bbox 130 2227 831 2271; baseline -0.006 -8"><span class='ocrx_word' id='word_1_307' title='bbox 130 2237 236 2263; x_wconf 81' lang='lat' dir='ltr'>vatam</span> <span class='ocrx_word' id='word_1_308' title='bbox 251 2230 347 2262; x_wconf 85' lang='lat' dir='ltr'>tradit</span> <span class='ocrx_word' id='word_1_309' title='bbox 373 2228 516 2271; x_wconf 80' lang='lat' dir='ltr'>precibus</span> <span class='ocrx_word' id='word_1_310' title='bbox 529 2227 584 2260; x_wconf 86' lang='lat' dir='ltr'>filii</span> <span class='ocrx_word' id='word_1_311' title='bbox 598 2229 733 2268; x_wconf 86' lang='lat' dir='ltr'>Amulii,</span> <span class='ocrx_word' id='word_1_312' title='bbox 754 2238 785 2260; x_wconf 86' lang='lat' dir='ltr'>et</span> <span class='ocrx_word' id='word_1_313' title='bbox 800 2229 831 2259; x_wconf 89' lang='lat' dir='ltr'>in</span> 
     </span>
     <span class='ocr_line' id='line_1_39' title="bbox 129 2271 834 2314; baseline -0.004 -9"><span class='ocrx_word' id='word_1_314' title='bbox 129 2283 285 2305; x_wconf 80' lang='lat' dir='ltr'>carcerem</span> <span class='ocrx_word' id='word_1_315' title='bbox 299 2273 483 2314; x_wconf 80' lang='lat' dir='ltr'>conjectam,</span> <span class='ocrx_word' id='word_1_316' title='bbox 495 2271 578 2303; x_wconf 85' lang='lat' dir='ltr'>unde</span> <span class='ocrx_word' id='word_1_317' title='bbox 593 2272 691 2303; x_wconf 89' lang='lat' dir='ltr'>occiso</span> <span class='ocrx_word' id='word_1_318' title='bbox 702 2271 834 2303; x_wconf 85' lang='lat' dir='ltr'>Amulio</span> 
     </span>
     <span class='ocr_line' id='line_1_40' title="bbox 130 2314 342 2348; baseline -0.009 -1"><span class='ocrx_word' id='word_1_319' title='bbox 130 2315 259 2348; x_wconf 77' lang='lat' dir='ltr'>liberata</span> <span class='ocrx_word' id='word_1_320' title='bbox 272 2314 342 2346; x_wconf 85' lang='lat' dir='ltr'>fuit.</span> 
     </span>
    </p>

    <p class='ocr_par' dir='ltr' id='par_1_10' title="bbox 132 2356 839 2781">
     <span class='ocr_line' id='line_1_41' title="bbox 175 2356 834 2399; baseline -0.006 -9"><span class='ocrx_word' id='word_1_321' title='bbox 175 2362 205 2390; x_wconf 82' lang='lat'>3.</span> <span class='ocrx_word' id='word_1_322' title='bbox 224 2359 334 2390; x_wconf 77' lang='lat' dir='ltr'>Pueros</span> <span class='ocrx_word' id='word_1_323' title='bbox 358 2358 432 2398; x_wconf 84' lang='lat' dir='ltr'>lupae</span> <span class='ocrx_word' id='word_1_324' title='bbox 457 2358 565 2387; x_wconf 77' lang='lat' dir='ltr'>alendos</span> <span class='ocrx_word' id='word_1_325' title='bbox 586 2356 708 2399; x_wconf 61' lang='lat' dir='ltr'>obtulit]</span> <span class='ocrx_word' id='word_1_326' title='bbox 751 2357 834 2388; x_wconf 74' lang='lat' dir='ltr'>Cum</span> 
     </span>
     <span class='ocr_line' id='line_1_42' title="bbox 132 2398 836 2440; baseline -0.004 -8"><span class='ocrx_word' id='word_1_327' title='bbox 132 2399 258 2432; x_wconf 76' lang='lat' dir='ltr'>Tiberis</span> <span class='ocrx_word' id='word_1_328' title='bbox 278 2399 427 2432; x_wconf 85' lang='lat' dir='ltr'>imbrium</span> <span class='ocrx_word' id='word_1_329' title='bbox 442 2398 532 2440; x_wconf 63' lang='lat' dir='ltr'>copia</span> <span class='ocrx_word' id='word_1_330' title='bbox 546 2398 608 2430; x_wconf 75' lang='lat' dir='ltr'>late</span> <span class='ocrx_word' id='word_1_331' title='bbox 622 2398 836 2440; x_wconf 64' lang='lat' dir='ltr'>restagnisset‚</span> 
     </span>
     <span class='ocr_line' id='line_1_43' title="bbox 134 2441 835 2484; baseline -0.003 -10"><span class='ocrx_word' id='word_1_332' title='bbox 134 2442 267 2474; x_wconf 82' lang='lat' dir='ltr'>ministri</span> <span class='ocrx_word' id='word_1_333' title='bbox 294 2443 403 2484; x_wconf 85' lang='lat' dir='ltr'>Regis,</span> <span class='ocrx_word' id='word_1_334' title='bbox 438 2451 510 2472; x_wconf 89' lang='lat' dir='ltr'>cum</span> <span class='ocrx_word' id='word_1_335' title='bbox 542 2452 597 2483; x_wconf 85' lang='lat' dir='ltr'>per</span> <span class='ocrx_word' id='word_1_336' title='bbox 619 2451 732 2482; x_wconf 80' lang='lat' dir='ltr'>aquam</span> <span class='ocrx_word' id='word_1_337' title='bbox 756 2441 835 2472; x_wconf 60' lang='lat' dir='ltr'>ultrei</span> 
     </span>
     <span class='ocr_line' id='line_1_44' title="bbox 133 2483 837 2526; baseline 0 -12"><span class='ocrx_word' id='word_1_338' title='bbox 133 2485 283 2526; x_wconf 82' lang='lat' dir='ltr'>progredi</span> <span class='ocrx_word' id='word_1_339' title='bbox 294 2495 357 2516; x_wconf 86' lang='lat' dir='ltr'>non</span> <span class='ocrx_word' id='word_1_340' title='bbox 372 2484 491 2522; x_wconf 86' lang='lat' dir='ltr'>liceret,</span> <span class='ocrx_word' id='word_1_341' title='bbox 515 2485 554 2514; x_wconf 85' lang='lat' dir='ltr'>ad</span> <span class='ocrx_word' id='word_1_342' title='bbox 577 2483 708 2515; x_wconf 77' lang='lat' dir='ltr'>Palantii</span> <span class='ocrx_word' id='word_1_343' title='bbox 723 2484 837 2515; x_wconf 87' lang='lat' dir='ltr'>montis</span> 
     </span>
     <span class='ocr_line' id='line_1_45' title="bbox 134 2526 835 2567; baseline 0.001 -11"><span class='ocrx_word' id='word_1_344' title='bbox 134 2527 261 2564; x_wconf 75' lang='lat' dir='ltr'>radices.</span> <span class='ocrx_word' id='word_1_345' title='bbox 275 2527 460 2563; x_wconf 70' lang='lat' dir='ltr'>vimineum,</span> <span class='ocrx_word' id='word_1_346' title='bbox 473 2528 505 2558; x_wconf 85' lang='lat' dir='ltr'>in</span> <span class='ocrx_word' id='word_1_347' title='bbox 519 2536 582 2567; x_wconf 89' lang='lat' dir='ltr'>quo</span> <span class='ocrx_word' id='word_1_348' title='bbox 596 2534 684 2557; x_wconf 77' lang='lat' dir='ltr'>erant</span> <span class='ocrx_word' id='word_1_349' title='bbox 696 2526 835 2562; x_wconf 81' lang='lat' dir='ltr'>infantes,</span> 
     </span>
     <span class='ocr_line' id='line_1_46' title="bbox 135 2568 837 2610; baseline 0.001 -11"><span class='ocrx_word' id='word_1_350' title='bbox 135 2568 260 2600; x_wconf 79' lang='lat' dir='ltr'>alveum</span> <span class='ocrx_word' id='word_1_351' title='bbox 285 2569 504 2610; x_wconf 69' lang='lat' dir='ltr'>deposuerunt,</span> <span class='ocrx_word' id='word_1_352' title='bbox 528 2569 593 2610; x_wconf 86' lang='lat' dir='ltr'>qui,</span> <span class='ocrx_word' id='word_1_353' title='bbox 614 2568 698 2599; x_wconf 69' lang='lat' dir='ltr'>undi</span> <span class='ocrx_word' id='word_1_354' title='bbox 714 2580 743 2600; x_wconf 86' lang='lat' dir='ltr'>se</span> <span class='ocrx_word' id='word_1_355' title='bbox 759 2569 837 2600; x_wconf 88' lang='lat' dir='ltr'>reci-</span> 
     </span>
     <span class='ocr_line' id='line_1_47' title="bbox 135 2610 839 2654; baseline 0.001 -13"><span class='ocrx_word' id='word_1_356' title='bbox 135 2611 251 2654; x_wconf 83' lang='lat' dir='ltr'>piente,</span> <span class='ocrx_word' id='word_1_357' title='bbox 285 2610 436 2653; x_wconf 80' lang='lat' dir='ltr'>impactus</span> <span class='ocrx_word' id='word_1_358' title='bbox 466 2623 537 2643; x_wconf 78' lang='lat' dir='ltr'>saxo</span> <span class='ocrx_word' id='word_1_359' title='bbox 558 2610 669 2642; x_wconf 85' lang='lat' dir='ltr'>effudit</span> <span class='ocrx_word' id='word_1_360' title='bbox 697 2610 839 2649; x_wconf 49' lang='lat' dir='ltr'>infanta,</span> 
     </span>
     <span class='ocr_line' id='line_1_48' title="bbox 134 2653 839 2696; baseline 0 -12"><span class='ocrx_word' id='word_1_361' title='bbox 134 2653 260 2696; x_wconf 85' lang='lat' dir='ltr'>quibus,</span> <span class='ocrx_word' id='word_1_362' title='bbox 293 2654 368 2685; x_wconf 89' lang='lat' dir='ltr'>dum</span> <span class='ocrx_word' id='word_1_363' title='bbox 384 2654 554 2696; x_wconf 81' lang='lat' dir='ltr'>vagiuntur</span> <span class='ocrx_word' id='word_1_364' title='bbox 587 2654 618 2684; x_wconf 91' lang='lat' dir='ltr'>in</span> <span class='ocrx_word' id='word_1_365' title='bbox 655 2653 733 2690; x_wconf 87' lang='lat' dir='ltr'>luto,</span> <span class='ocrx_word' id='word_1_366' title='bbox 768 2653 839 2696; x_wconf 74' lang='lat' dir='ltr'>lupa</span> 
     </span>
     <span class='ocr_line' id='line_1_49' title="bbox 138 2695 839 2738; baseline 0 -12"><span class='ocrx_word' id='word_1_367' title='bbox 138 2703 291 2726; x_wconf 73' lang='lat' dir='ltr'>mammas</span> <span class='ocrx_word' id='word_1_368' title='bbox 304 2695 451 2738; x_wconf 63' lang='lat' dir='ltr'>praebust,</span> <span class='ocrx_word' id='word_1_369' title='bbox 464 2696 605 2727; x_wconf 83' lang='lat' dir='ltr'>distentis</span> <span class='ocrx_word' id='word_1_370' title='bbox 615 2696 632 2727; x_wconf 68' lang='lat' dir='ltr'>a</span> <span class='ocrx_word' id='word_1_371' title='bbox 643 2696 760 2728; x_wconf 88' lang='lat' dir='ltr'>recenti</span> <span class='ocrx_word' id='word_1_372' title='bbox 770 2706 839 2738; x_wconf 73' lang='lat' dir='ltr'>par-</span> 
     </span>
     <span class='ocr_line' id='line_1_50' title="bbox 136 2737 836 2781; baseline -0.003 -10"><span class='ocrx_word' id='word_1_373' title='bbox 136 2745 173 2771; x_wconf 75' lang='lat' dir='ltr'>tu</span> <span class='ocrx_word' id='word_1_374' title='bbox 189 2737 342 2773; x_wconf 80' lang='lat' dir='ltr'>uberibus.</span> <span class='ocrx_word' id='word_1_375' title='bbox 386 2739 458 2774; x_wconf 78' lang='lat' dir='ltr'>Haec</span> <span class='ocrx_word' id='word_1_376' title='bbox 472 2741 581 2774; x_wconf 80' lang='lat' dir='ltr'>Livius</span> <span class='ocrx_word' id='word_1_377' title='bbox 607 2747 632 2774; x_wconf 83' lang='lat' dir='ltr'>et</span> <span class='ocrx_word' id='word_1_378' title='bbox 656 2740 746 2781; x_wconf 77' lang='lat' dir='ltr'>Dion,</span> <span class='ocrx_word' id='word_1_379' title='bbox 776 2740 836 2771; x_wconf 73' lang='grc' dir='ltr'>διε.</span> 
     </span>
    </p>
   </div>
   <div class='ocr_carea' id='block_1_9' title="bbox 867 2059 1579 2777">
    <p class='ocr_par' dir='ltr' id='par_1_11' title="bbox 867 2059 1573 2217">
     <span class='ocr_line' id='line_1_51' title="bbox 867 2059 1570 2099; baseline -0.006 -10"><span class='ocrx_word' id='word_1_380' title='bbox 867 2066 958 2089; x_wconf 88' lang='lat' dir='ltr'>tuum</span> <span class='ocrx_word' id='word_1_381' title='bbox 975 2059 1126 2096; x_wconf 86' lang='lat' dir='ltr'>ediderat,</span> <span class='ocrx_word' id='word_1_382' title='bbox 1140 2072 1174 2089; x_wconf 80' lang='lat' dir='ltr'>ex</span> <span class='ocrx_word' id='word_1_383' title='bbox 1190 2060 1336 2099; x_wconf 70' lang='lat' dir='ltr'>Dionysio.</span> <span class='ocrx_word' id='word_1_384' title='bbox 1372 2059 1450 2088; x_wconf 86' lang='lat' dir='ltr'>Sunt</span> <span class='ocrx_word' id='word_1_385' title='bbox 1466 2065 1570 2087; x_wconf 83' lang='lat' dir='ltr'>tamen</span> 
     </span>
     <span class='ocr_line' id='line_1_52' title="bbox 867 2100 1572 2142; baseline -0.006 -10"><span class='ocrx_word' id='word_1_386' title='bbox 867 2102 921 2142; x_wconf 84' lang='lat' dir='ltr'>qui</span> <span class='ocrx_word' id='word_1_387' title='bbox 951 2102 1154 2132; x_wconf 72' lang='lat' dir='ltr'>Laurentiam</span> <span class='ocrx_word' id='word_1_388' title='bbox 1191 2101 1297 2142; x_wconf 86' lang='lat' dir='ltr'>lupam</span> <span class='ocrx_word' id='word_1_389' title='bbox 1327 2100 1407 2130; x_wconf 83' lang='lat' dir='ltr'>inter</span> <span class='ocrx_word' id='word_1_390' title='bbox 1436 2107 1572 2140; x_wconf 80' lang='lat' dir='ltr'>pastores</span> 
     </span>
     <span class='ocr_line' id='line_1_53' title="bbox 868 2140 1573 2185; baseline -0.006 -11"><span class='ocrx_word' id='word_1_391' title='bbox 868 2144 983 2174; x_wconf 82' lang='lat' dir='ltr'>dictam</span> <span class='ocrx_word' id='word_1_392' title='bbox 1000 2152 1128 2185; x_wconf 81' lang='lat' dir='ltr'>putent:</span> <span class='ocrx_word' id='word_1_393' title='bbox 1155 2144 1236 2174; x_wconf 75' lang='lat' dir='ltr'>unde</span> <span class='ocrx_word' id='word_1_394' title='bbox 1251 2150 1323 2173; x_wconf 79' lang='lat' dir='ltr'>nata</span> <span class='ocrx_word' id='word_1_395' title='bbox 1337 2141 1442 2173; x_wconf 62' lang='lat' dir='ltr'>fabula</span> <span class='ocrx_word' id='word_1_396' title='bbox 1456 2149 1489 2172; x_wconf 87' lang='lat' dir='ltr'>ut</span> <span class='ocrx_word' id='word_1_397' title='bbox 1506 2140 1573 2183; x_wconf 78' lang='lat' dir='ltr'>pla-</span> 
     </span>
     <span class='ocr_line' id='line_1_54' title="bbox 868 2186 1034 2217; baseline 0 0"><span class='ocrx_word' id='word_1_398' title='bbox 868 2195 917 2217; x_wconf 86' lang='lat' dir='ltr'>cet</span> <span class='ocrx_word' id='word_1_399' title='bbox 932 2186 1034 2217; x_wconf 86' lang='lat' dir='ltr'>Livio.</span> 
     </span>
    </p>

    <p class='ocr_par' dir='ltr' id='par_1_12' title="bbox 870 2227 1578 2516">
     <span class='ocr_line' id='line_1_55' title="bbox 912 2227 1574 2269; baseline -0.008 -9"><span class='ocrx_word' id='word_1_400' title='bbox 912 2234 942 2260; x_wconf 82' lang='lat'>5.</span> <span class='ocrx_word' id='word_1_401' title='bbox 962 2230 1053 2259; x_wconf 61' lang='lat' dir='ltr'>Rebus</span> <span class='ocrx_word' id='word_1_402' title='bbox 1081 2230 1117 2260; x_wconf 85' lang='lat' dir='ltr'>ab</span> <span class='ocrx_word' id='word_1_403' title='bbox 1146 2230 1240 2258; x_wconf 80' lang='lat' dir='ltr'>iisdem</span> <span class='ocrx_word' id='word_1_404' title='bbox 1268 2227 1448 2269; x_wconf 62' lang='lat' dir='ltr'>latronibus]</span> <span class='ocrx_word' id='word_1_405' title='bbox 1491 2227 1574 2256; x_wconf 84' lang='lat' dir='ltr'>Rem</span> 
     </span>
     <span class='ocr_line' id='line_1_56' title="bbox 871 2267 1575 2310; baseline -0.006 -8"><span class='ocrx_word' id='word_1_406' title='bbox 871 2271 960 2302; x_wconf 85' lang='lat' dir='ltr'>aliter</span> <span class='ocrx_word' id='word_1_407' title='bbox 974 2279 1100 2302; x_wconf 79' lang='lat' dir='ltr'>narrant</span> <span class='ocrx_word' id='word_1_408' title='bbox 1117 2270 1284 2310; x_wconf 83' lang='lat' dir='ltr'>Dionysius</span> <span class='ocrx_word' id='word_1_409' title='bbox 1297 2278 1329 2300; x_wconf 86' lang='lat' dir='ltr'>et</span> <span class='ocrx_word' id='word_1_410' title='bbox 1339 2270 1458 2301; x_wconf 85' lang='lat' dir='ltr'>Livius.</span> <span class='ocrx_word' id='word_1_411' title='bbox 1494 2267 1575 2299; x_wconf 56' lang='lat' dir='ltr'>Ort&amp;</span> 
     </span>
     <span class='ocr_line' id='line_1_57' title="bbox 870 2312 1575 2356; baseline -0.007 -11"><span class='ocrx_word' id='word_1_412' title='bbox 870 2316 972 2356; x_wconf 76' lang='lat' dir='ltr'>inquit,</span> <span class='ocrx_word' id='word_1_413' title='bbox 999 2315 1081 2344; x_wconf 84' lang='lat' dir='ltr'>inter</span> <span class='ocrx_word' id='word_1_414' title='bbox 1106 2313 1230 2345; x_wconf 83' lang='lat' dir='ltr'>Amulii</span> <span class='ocrx_word' id='word_1_415' title='bbox 1255 2320 1286 2343; x_wconf 90' lang='lat' dir='ltr'>et</span> <span class='ocrx_word' id='word_1_416' title='bbox 1311 2312 1487 2344; x_wconf 74' lang='lat' dir='ltr'>Numitoris</span> <span class='ocrx_word' id='word_1_417' title='bbox 1507 2321 1575 2352; x_wconf 84' lang='lat' dir='ltr'>pas-</span> 
     </span>
     <span class='ocr_line' id='line_1_58' title="bbox 872 2353 1578 2396; baseline -0.007 -9"><span class='ocrx_word' id='word_1_418' title='bbox 872 2366 955 2388; x_wconf 87' lang='lat' dir='ltr'>tores</span> <span class='ocrx_word' id='word_1_419' title='bbox 970 2356 1046 2395; x_wconf 63' lang='lat' dir='ltr'>rixa,</span> <span class='ocrx_word' id='word_1_420' title='bbox 1062 2356 1142 2387; x_wconf 87' lang='lat' dir='ltr'>victa</span> <span class='ocrx_word' id='word_1_421' title='bbox 1159 2365 1229 2396; x_wconf 81' lang='lat' dir='ltr'>pars</span> <span class='ocrx_word' id='word_1_422' title='bbox 1245 2355 1420 2386; x_wconf 83' lang='lat' dir='ltr'>Numitoris</span> <span class='ocrx_word' id='word_1_423' title='bbox 1434 2355 1473 2384; x_wconf 75' lang='lat' dir='ltr'>ud</span> <span class='ocrx_word' id='word_1_424' title='bbox 1488 2353 1578 2384; x_wconf 74' lang='lat' dir='ltr'>dolos</span> 
     </span>
     <span class='ocr_line' id='line_1_59' title="bbox 871 2396 1578 2436; baseline -0.008 -6"><span class='ocrx_word' id='word_1_425' title='bbox 871 2410 1027 2436; x_wconf 87' lang='lat' dir='ltr'>conversa,</span> <span class='ocrx_word' id='word_1_426' title='bbox 1042 2399 1167 2430; x_wconf 80' lang='lat' dir='ltr'>absente</span> <span class='ocrx_word' id='word_1_427' title='bbox 1183 2397 1329 2432; x_wconf 75' lang='lat' dir='ltr'>Romulo,</span> <span class='ocrx_word' id='word_1_428' title='bbox 1347 2400 1482 2427; x_wconf 84' lang='lat' dir='ltr'>Remum</span> <span class='ocrx_word' id='word_1_429' title='bbox 1505 2396 1578 2426; x_wconf 82' lang='lat' dir='ltr'>insi-</span> 
     </span>
     <span class='ocr_line' id='line_1_60' title="bbox 872 2436 1577 2483; baseline -0.009 -11"><span class='ocrx_word' id='word_1_430' title='bbox 872 2442 929 2472; x_wconf 76' lang='lat' dir='ltr'>diis</span> <span class='ocrx_word' id='word_1_431' title='bbox 943 2442 1101 2483; x_wconf 84' lang='lat' dir='ltr'>intercipit</span> <span class='ocrx_word' id='word_1_432' title='bbox 1113 2454 1119 2471; x_wconf 76' lang='lat' dir='ltr'><strong><em>z</em></strong></span> <span class='ocrx_word' id='word_1_433' title='bbox 1145 2441 1280 2481; x_wconf 73' lang='lat' dir='ltr'>eumque</span> <span class='ocrx_word' id='word_1_434' title='bbox 1294 2439 1333 2470; x_wconf 79' lang='lat' dir='ltr'>de</span> <span class='ocrx_word' id='word_1_435' title='bbox 1348 2440 1380 2470; x_wconf 86' lang='lat' dir='ltr'>vi</span> <span class='ocrx_word' id='word_1_436' title='bbox 1395 2437 1480 2469; x_wconf 64' lang='lat' dir='ltr'>illata</span> <span class='ocrx_word' id='word_1_437' title='bbox 1494 2436 1577 2479; x_wconf 77' lang='lat' dir='ltr'>apud</span> 
     </span>
     <span class='ocr_line' id='line_1_61' title="bbox 871 2483 1242 2516; baseline -0.005 -1"><span class='ocrx_word' id='word_1_438' title='bbox 871 2483 1037 2516; x_wconf 83' lang='lat' dir='ltr'>Amulium</span> <span class='ocrx_word' id='word_1_439' title='bbox 1051 2484 1242 2515; x_wconf 83' lang='lat' dir='ltr'>criminatur.</span> 
     </span>
    </p>

    <p class='ocr_par' dir='ltr' id='par_1_13' title="bbox 872 2523 1578 2647">
     <span class='ocr_line' id='line_1_62' title="bbox 915 2523 1578 2567; baseline -0.008 -10"><span class='ocrx_word' id='word_1_440' title='bbox 915 2531 944 2558; x_wconf 89' lang='grc'>6.</span> <span class='ocrx_word' id='word_1_441' title='bbox 967 2527 1141 2567; x_wconf 61' lang='lat' dir='ltr'>faustulus]</span> <span class='ocrx_word' id='word_1_442' title='bbox 1205 2525 1279 2566; x_wconf 77' lang='lat' dir='ltr'>Qui,</span> <span class='ocrx_word' id='word_1_443' title='bbox 1311 2524 1363 2555; x_wconf 89' lang='lat' dir='ltr'>ubi</span> <span class='ocrx_word' id='word_1_444' title='bbox 1393 2523 1578 2557; x_wconf 87' lang='lat' dir='ltr'>Romulum.</span> 
     </span>
     <span class='ocr_line' id='line_1_63' title="bbox 872 2567 1577 2611; baseline -0.009 -11"><span class='ocrx_word' id='word_1_445' title='bbox 872 2569 1014 2611; x_wconf 87' lang='lat' dir='ltr'>quisnam</span> <span class='ocrx_word' id='word_1_446' title='bbox 1028 2578 1104 2599; x_wconf 80' lang='lat' dir='ltr'>esset</span> <span class='ocrx_word' id='word_1_447' title='bbox 1120 2568 1200 2599; x_wconf 84' lang='lat' dir='ltr'>illius</span> <span class='ocrx_word' id='word_1_448' title='bbox 1215 2577 1315 2609; x_wconf 82' lang='lat' dir='ltr'>pater,</span> <span class='ocrx_word' id='word_1_449' title='bbox 1328 2567 1470 2602; x_wconf 74' lang='lat' dir='ltr'>edocuit;</span> <span class='ocrx_word' id='word_1_450' title='bbox 1494 2575 1577 2601; x_wconf 79' lang='lat' dir='ltr'>eum.</span> 
     </span>
     <span class='ocr_line' id='line_1_64' title="bbox 874 2610 1448 2647; baseline -0.007 -5"><span class='ocrx_word' id='word_1_451' title='bbox 874 2619 907 2642; x_wconf 81' lang='lat' dir='ltr'>at</span> <span class='ocrx_word' id='word_1_452' title='bbox 920 2611 1049 2642; x_wconf 82' lang='lat' dir='ltr'>fratrem</span> <span class='ocrx_word' id='word_1_453' title='bbox 1067 2611 1222 2647; x_wconf 83' lang='lat' dir='ltr'>liberaret,</span> <span class='ocrx_word' id='word_1_454' title='bbox 1237 2610 1378 2640; x_wconf 79' lang='lat' dir='ltr'>hortatus</span> <span class='ocrx_word' id='word_1_455' title='bbox 1393 2617 1448 2639; x_wconf 78' lang='lat' dir='ltr'>est.</span> 
     </span>
    </p>

    <p class='ocr_par' dir='ltr' id='par_1_14' title="bbox 876 2649 1579 2777">
     <span class='ocr_line' id='line_1_65' title="bbox 918 2649 1579 2695; baseline -0.009 -10"><span class='ocrx_word' id='word_1_456' title='bbox 918 2657 946 2685; x_wconf 86' lang='lat'>7.</span> <span class='ocrx_word' id='word_1_457' title='bbox 969 2655 1074 2695; x_wconf 70' lang='lat' dir='ltr'>Empti</span> <span class='ocrx_word' id='word_1_458' title='bbox 1089 2657 1169 2695; x_wconf 82' lang='lat' dir='ltr'>regni</span> <span class='ocrx_word' id='word_1_459' title='bbox 1181 2651 1356 2693; x_wconf 55' lang='lat' dir='ltr'>armantur]</span> <span class='ocrx_word' id='word_1_460' title='bbox 1380 2653 1475 2681; x_wconf 85' lang='lat' dir='ltr'>Metu</span> <span class='ocrx_word' id='word_1_461' title='bbox 1484 2649 1579 2680; x_wconf 79' lang='lat' dir='ltr'>etiam</span> 
     </span>
     <span class='ocr_line' id='line_1_66' title="bbox 876 2691 1579 2736; baseline -0.009 -9"><span class='ocrx_word' id='word_1_462' title='bbox 876 2696 1025 2736; x_wconf 80' lang='lat' dir='ltr'>periculi3</span> <span class='ocrx_word' id='word_1_463' title='bbox 1059 2706 1094 2727; x_wconf 81' lang='lat' dir='ltr'>re</span> <span class='ocrx_word' id='word_1_464' title='bbox 1110 2697 1194 2726; x_wconf 87' lang='lat' dir='ltr'>enirn</span> <span class='ocrx_word' id='word_1_465' title='bbox 1221 2694 1324 2724; x_wconf 79' lang='lat' dir='ltr'>audita</span> <span class='ocrx_word' id='word_1_466' title='bbox 1340 2693 1495 2728; x_wconf 78' lang='lat' dir='ltr'>Amulius,</span> <span class='ocrx_word' id='word_1_467' title='bbox 1525 2691 1579 2734; x_wconf 89' lang='lat' dir='ltr'>qui</span> 
     </span>
     <span class='ocr_line' id='line_1_67' title="bbox 877 2735 1537 2777; baseline -0.006 -7"><span class='ocrx_word' id='word_1_468' title='bbox 877 2738 986 2772; x_wconf 78' lang='lat' dir='ltr'>fratres</span> <span class='ocrx_word' id='word_1_469' title='bbox 1001 2738 1041 2770; x_wconf 86' lang='lat' dir='ltr'>ad</span> <span class='ocrx_word' id='word_1_470' title='bbox 1057 2749 1088 2771; x_wconf 80' lang='lat' dir='ltr'>se</span> <span class='ocrx_word' id='word_1_471' title='bbox 1104 2738 1263 2777; x_wconf 74' lang='lat' dir='ltr'>ducerent,</span> <span class='ocrx_word' id='word_1_472' title='bbox 1276 2736 1389 2768; x_wconf 64' lang='lat' dir='ltr'>milites</span> <span class='ocrx_word' id='word_1_473' title='bbox 1404 2735 1537 2767; x_wconf 78' lang='lat' dir='ltr'>miserat.</span> 
     </span>
    </p>
   </div>
  </div>
 </body>
</html>
