1903 3076
547 168 661 211 LIB.
693 139 806 209 vn.
853 167 986 210 CAP.
1017 167 1079 210 11.

98 251 371 304 ’observavig
392 264 658 307 quocumque
679 265 827 306 agmen
847 259 1044 300 moveret,
1066 257 1156 290 ante
1179 249 1296 316 signa
1310 251 1475 291 easdem
1489 265 1556 291 ca-

99 321 195 366 pras
206 312 370 360 habere,
387 318 613 362 coeptorum
625 311 748 350 duces
759 308 987 359 habiturus,
1000 323 1104 364 quas
1116 310 1233 372 regni
1248 310 1445 350 habuerat
1459 324 1558 349 auc-

99 378 226 411 tores.
286 368 444 410 Urbem
464 367 679 433 Edessam,
710 369 763 409 ob
783 367 1027 409 memoriam
1058 381 1251 418 muneris,
1284 368 1454 422 AEgeas‚
1486 382 1563 420 po-

98 428 249 483 pulum
268 427 493 482 AEgeadas,
514 426 692 468 vocavit.
740 426 867 467 Pulso
887 425 1032 467 deinde
1055 425 1175 465 Mida
1195 433 1315 481 (nam
1336 424 1372 466 is
1396 441 1560 481 quoque

98 484 327 550 portionem
349 483 604 525 Macedoniae
624 483 782 540 tenuit)
805 483 982 539 aliisque
1003 483 1169 538 regibus
1190 483 1370 536 pulsis,
1359 499 1402 524 m
1421 485 1561 524 locum

102 558 291 586 omnium
308 544 417 584 solus
432 542 648 593 successit;
669 543 927 598 primusque,
947 541 1132 582 adunatis
1145 541 1334 595 gentibus
1349 541 1563 583 variorum

98 602 367 666 populorum,
388 601 518 642 veluti
539 616 669 641 unum
686 616 833 654 corpus
856 599 1111 641 Macedoniae
1133 599 1260 649 fecit3
1283 602 1562 655 crescentique

101 674 229 716 regno
243 659 379 700 valida
397 660 745 700 incrementorum
766 659 1028 700 fundamenta
1048 657 1273 699 constituit.

162 718 295 759 CAP-
314 717 374 759 ΙΙ.
398 725 410 742 ¹
423 719 518 760 Post
537 720 646 759 hunc
658 717 850 759 Perdicca
869 717 1072 772 regnavit,
1088 716 1152 769 cuj
1160 731 1207 756 us
1222 726 1263 758 et
1277 715 1362 758 vita
1375 716 1564 767 1111151115,
1575 729 1682 770 Regum
1695 727 1777 761 Μα-

102 784 147 817 et
167 775 380 818 morientis
399 786 619 830 postrema,
640 776 770 817 veluti
785 791 837 817 ex
850 775 1016 816 oraculo
1037 784 1257 829 praecepta,
1277 773 1688 816 memorabiliambm
1701 783 1745 802 ’θ’

103 834 248 876 fuere.
272 834 475 890 siquidem
495 849 620 876 senex
637 833 834 886 moriens,
864 836 1019 888 Argaeo
1041 832 1128 875 filio
1149 832 1392 875 monstravit
1410 834 1566 885 locum,

105 908 189 950 quo
209 894 329 935 condi
349 894 488 945 vellet,
518 892 659 948 ibique
682 908 764 934 non
785 907 857 933 sua
886 892 1060 943 tantum,
1091 894 1161 932 sed
1191 902 1231 933 et
1260 891 1568 933 succedentium

107 951 191 993 sibi
210 966 357 1006 regum
374 967 463 994 ossa
477 951 574 1006 poni
589 952 730 1006 jussit3
752 951 960 1006 praefatus,
975 952 1109 1004 quoad
1125 950 1184 990 ibi
1199 950 1372 992 conditae
1388 959 1569 1004 postero-

107 1025 203 1051 rum
225 1009 410 1066 reliquiae
433 1011 579 1062 forent,
599 1025 773 1075 regnum
794 1010 836 1051 in
857 1008 1016 1049 familia
1029 1023 1294 1058 mansurum3
1315 1009 1568 1063 creduntque

107 1069 187 1109 hac
208 1068 491 1122 superstitione
511 1069 737 1110 extinctam
759 1083 802 1108 111
822 1068 1064 1108 Alexandro
1086 1068 1271 1121 stirpem,
1300 1066 1398 1122 quia
1428 1067 1570 1107 locum

110 1127 335 1181 sepulturae
356 1128 590 1168 mutaverit.
650 1130 830 1183 Argaeus
849 1126 1076 1175 moderate,
1109 1135 1147 1166 et
1167 1140 1260 1166 cum
1279 1139 1417 1165 amore
1438 1140 1570 1179 popu-

109 1184 276 1235 larium,
294 1185 574 1227 administrato
595 1200 735 1241 regne,
755 1199 1030 1226 successorem
1049 1183 1182 1224 filium
1212 1183 1462 1236 Philippum
1474 1182 1572 1223 reli-

71 1241 74 1245 ’
108 1243 220 1299 quit:
245 1242 315 1300 qui
337 1243 579 1285 ²immatura
595 1252 726 1285 morte
743 1252 897 1298 raptus,
917 1244 1151 1296 A'c'ropum,
1185 1243 1406 1295 parvulum
1426 1243 1569 1282 admo-

110 1301 250 1354 dum,
238 1301 416 1343 lnstituit
429 1304 647 1344 haeredem.
670 1302 749 1343 Sed
762 1301 1062 1342 Macedonibus
1075 1300 1232 1341 assidua
1244 1299 1465 1341 certamina
1473 1314 1571 1340 cum

111 1359 366 1401 ³Thracibus
387 1367 443 1401 ⁴et
465 1360 622 1417 Illyriis
651 1360 790 1401 fuere·
780 1378 792 1410 ;
831 1373 1010 1416 quorum
1040 1359 1164 1400 armis
1181 1358 1310 1400 veluti
1330 1356 1571 1413 quotidiano

111 1418 309 1460 exercitio
322 1417 514 1469 indurati,
531 1419 660 1475 gloria
672 1418 836 1460 bellicae
849 1417 983 1459 laudis
999 1418 1192 1458 finitimos
1212 1426 1269 1457 tet
1273 1417 1431 1457 rebant
1482 1414 1571 1470 Igi-

112 1486 179 1518 tur
193 1476 344 1533 Illyrii,
366 1476 587 1518 infantiam
603 1477 712 1534 regis
732 1477 882 1531 pupilli
904 1485 1223 1526 contemnentes,
1243 1475 1355 1515 bello
1373 1475 1572 1515 Macedo-

112 1550 186 1576 nas
206 1535 519 1592 aggrediuntur:
545 1535 771 1591 quipraelio
785 1535 908 1589 pulsi,
930 1550 1024 1590 rege
1047 1550 1119 1575 5110
1140 1534 1182 1574 111
1203 1531 1317 1574 cunis
1335 1534 1511 1586 prolato,
1532 1541 1573 1572 et

113 1607 221 1647 pone
243 1593 375 1634 aciem
405 1594 554 1648 posito,
583 1595 714 1635 acrius
745 1603 947 1635 certamen
977 1592 1224 1646 repetivere:
1258 1600 1452 1647 tanquam
1481 1591 1574 1632 ideo

113 1651 215 1692 victi
235 1651 407 1693 fuissent
427 1654 558 1703 antea,
580 1653 691 1708 quod
711 1652 957 1693 bellantibus
979 1651 1060 1692 sibi
1081 1650 1191 1704 regis
1210 1649 1271 1691 sui
1303 1649 1487 1714 auspicia
1503 1651 1574 1694 de-

71 1715 76 1718 *
115 1709 316 1760 fuissent3
337 1710 468 1753 futuri
485 1713 552 1752 vel
573 1720 734 1765 proptei
738 1726 785 1751 ea
797 1726 838 1752 vi
842 1719 985 1775 ctores,
1005 1709 1116 1765 quod
1129 1724 1180 1749 ex
1193 1708 1473 1762 superstitione
1489 1707 1577 1748 ani-

117 1783 235 1809 mum
248 1742 438 1810 viticendi
454 1779 664 1824 ceperant:
691 1768 815 1809 simul
838 1777 878 1810 et
900 1767 1106 1809 miseratio
1124 1783 1192 1808 eos
1213 1765 1379 1807 infantis
1399 1767 1578 1816 tenebat,

117 1841 264 1882 quem,
277 1826 313 1867 si
329 1827 429 1867 victi
445 1828 593 1879 forent,
610 1827 822 1881 captivum
839 1829 888 1868 de
901 1842 995 1881 rege
1012 1825 1160 1867 facturi
1176 1825 1434 1866 videbantur.
1465 1824 1578 1865 Con-

118 1895 225 1925 serto
241 1884 378 1941 itaque
396 1887 550 1939 praelio,
570 1901 718 1941 magna
735 1887 842 1927 caede
857 1885 1025 1941 Illyrios
1040 1884 1209 1925 fudere:
1233 1882 1580 1948 ostenderuntque

119 1943 305 1984 hostibus
325 1959 407 1984 suls
426 1945 564 1998 priore
585 1946 695 1985 bello
715 1959 855 1999 regem
869 1942 1185 1992 Macedonibus,
1201 1955 1284 1983 non
1297 1941 1492 1982 virtutem
1507 1941 1580 1981 de-

120 2000 265 2043 fuisse.
298 2002 427 2044 ⁵Huic
446 2005 655 2060 Amyntas
671 2003 864 2055 succedit,
881 2012 920 2043 et
935 2001 1104 2056 propria
1118 2001 1282 2052 virtute,
1295 2009 1334 2040 et
1349 1997 1581 2041 Alexandri

659 2130 1044 2163 INTERPRETATIO.

164 2193 182 2215 ²
203 2194 380 2226 Observavit
400 2195 503 2226 habere
525 2197 630 2226 easdem
652 2202 755 2237 capras
771 2202 836 2226 ante

874 2198 942 2238 ipsae
964 2196 1041 2224 duces
1067 2199 1218 2233 caeptarum
1244 2203 1353 2230 rerum,
1372 2192 1444 2223 sicut
1456 2191 1583 2233 fuerant

122 2239 236 2270 vexilla
249 2250 404 2281 quocunque
418 2240 528 2271 duceret
537 2241 701 2277 exercitum,
709 2246 740 2270 ut
748 2246 835 2270 esseut

875 2245 982 2269 auctora
987 2252 999 2267 s
1015 2240 1095 2278 regni
1113 2237 1285 2266 instituendi.

766 2333 839 2365 No
851 2333 938 2363 TAE.

172 2416 200 2445 1.
214 2413 286 2444 Post
299 2413 373 2444 hune
387 2412 534 2443 Perdicca.
540 2410 554 2453 ]
575 2409 642 2442 Alii
654 2409 834 2442 Perdiccam

126 2456 265 2505 primum
282 2455 492 2486 Macedonum
507 2464 616 2494 regem
631 2453 835 2491 constituunt,
878 2463 927 2482 am
943 2458 974 2482 et
991 2452 1053 2491 My
1057 2451 1131 2481 siam
1147 2449 1340 2481 habitabant.
1385 2451 1534 2480 Romania.

128 2498 181 2530 alii
195 2498 308 2548 melius
322 2506 469 2540 quartum
489 2495 722 2534 tantummodo,
741 2496 836 2526 Cara·
920 2498 949 2525 4.
964 2495 1087 2536 Illyriis.
1094 2494 1105 2536 ]
1121 2495 1264 2526 Onorum
1274 2493 1370 2543 regio
1373 2502 1409 2522 ex
1423 2489 1483 2521 111ιέ
1496 2497 1586 2532 parte

127 2551 171 2572 no
180 2541 264 2572 enim
275 2543 399 2577 Coenus,
411 2542 509 2572 Coeno
522 2553 536 2570 1
514 2538 695 2576 Ψ1111111015,
706 2546 737 2569 et
743 2539 773 2569 Γ
777 2537 835 2568 hu
878 2537 916 2568 ad
926 2547 1011 2567 mare
1019 2536 1229 2572 Adriaticum,
1234 2545 1271 2566 ex
1279 2533 1418 2566 alteraad
1430 2534 1586 2565 Pannoni-

878 2407 1053 2450 poutidem,
1067 2409 1205 2439 Pontum
1217 2406 1385 2443 Euxinum,
1398 2404 1588 2436 Macedoni-

128 2583 219 2615 ritnae
235 2584 399 2615 Perdiccas
413 2583 564 2614 successit.
879 2590 928 2610 am
938 2587 969 2610 et
981 2579 1203 2610 Macedoniam
1216 2577 1401 2619 pertinebat.
1423 2577 1503 2607 Scla
1491 2578 1586 2608 vania.

172 2630 204 2658 2.
220 2626 383 2657 Ῑηυηαὶυνᾶ
397 2626 507 2666 morta]
538 2623 668 2655 Fallitur
691 2623 837 2659 Iustinus,
921 2623 1047 2654 5.Huic
1063 2623 1214 2664 Amyntas.
1218 2621 1231 2661 Ἰ
1248 2621 1377 2663 Aeropo
1393 2619 1442 2650 vel
1458 2620 1586 2660 Europa

129 2679 204 2700 cum
220 2669 345 2711 Philipp
349 2680 384 2700 us
398 2673 438 2701 35
455 2679 550 2699 annos
566 2667 753 2708 regnaverit.
879 2676 940 2696 non
957 2668 1125 2706 Amyntas,
1140 2664 1192 2694 sed
1208 2663 1336 2696 Alcetas
1349 2662 1504 2701 successit,
1517 2671 1587 2705 poet

175 2713 389 2743 annnam.
393 2711 405 2754 ]
434 2714 466 2742 Α
478 2710 596 2742 saevitia
612 2718 643 2740 et
654 2709 778 2740 feritate
795 2709 835 2740 sic
879 2718 973 2751 quem
988 2708 1133 2750 regnavit
1151 2709 1238 2748 Amy
1241 2713 1318 2738 ntas.

130 2754 293 2794 nominati,
315 2755 370 2799 qui
387 2755 467 2787 inter
482 2755 622 2798 AEgeum
639 2762 736 2791 mare,
759 2754 784 2784 P
786 2763 834 2782 ro·

1578 817 1643 846 ries·
