1903 3076
612 180 728 223 LIB.
749 179 835 224 VI.
869 180 1001 223 CAP.
1022 181 1082 223 II.
1742 191 1799 224 στ

178 263 312 308 CAP.
337 262 397 306 ῙῙ.
435 261 515 305 His
534 263 724 320 cognitis,
756 264 1055 305 Lacedaemonii
1076 272 1116 304 et
1136 263 1215 319 ipsi
1235 264 1259 304 ὲ
1279 278 1374 319 rege
1395 264 1513 319 AEgy
1518 263 1618 335 ptiL
1590 264 1639 304 Ag
1629 277 1677 294 ω’
1669 265 1774 294 ’Ῥω
1756 279 1775 296 a

117 321 406 380 ¹Hercynione
426 322 586 363 auxilia
605 322 762 363 navalis
782 322 884 362 belli
902 337 974 376 per
989 323 1143 377 legatos
1154 331 1321 376 petunt3
1345 338 1367 362 a
1384 337 1465 377 quo
1482 337 1571 362 cen·
1589 362 1617 377 11
1590 308 1795 380 MZTTJ·1·511·-

116 387 209 423 tum
228 381 424 430 triremes,
447 389 487 421 et
508 386 722 422 'sexcenta
741 380 879 421 millia
897 380 1131 421 modiorum
1152 380 1348 422 frumenti
1367 380 1516 421 missa:
1552 396 1575 419 a
1585 394 1677 442 gius».
1740 395 1794 423 Co-

116 438 270 482 caeteris
289 453 451 495 quoque
472 439 592 481 sociis
612 439 795 495 ingentia
816 438 972 479 auxilia
991 446 1197 480 contracta
1214 447 1320 479 sunt.
1362 439 1440 479 Sed
1459 446 1574 479 tanto
1587 437 1664 464 '‘⁰¹¹¹''
1679 442 1771 476 gma-

115 496 330 548 exercitui,
360 508 399 538 et
435 506 573 538 contra
606 508 762 539 tantum
795 499 958 548 ducem,
988 499 1126 538 deerat
1153 495 1304 552 dignus
1338 496 1573 550 imperator.

114 554 260 610 Itaque
297 559 313 586 ³
320 557 619 610 postulantibus
653 555 774 597 sociis
797 555 1059 610 Agesilaum,
1088 570 1229 610 regem
1260 564 1354 594 tunc
1387 555 1576 595 Lacedae-

114 612 377 663 moniorum;
409 625 572 668 propter
596 629 835 668 responsum
856 613 1012 653 oraculi
1044 612 1260 666 Delphici,
1291 612 1363 652 diu
1383 613 1574 654 Lacedae-

114 670 262 719 monii,
294 687 344 712 an
365 687 461 712 eum
483 687 653 712 summae
672 672 732 712 rei
751 680 1047 725 praeponerent,
1076 670 1452 712 ⁴deliberaverunt:
1486 671 1575 726 qui-

114 730 193 770 bus
223 729 383 772 futurus
415 730 578 783 imperii
608 730 700 771 finis
733 729 1071 780 denunciabatur,
1103 745 1200 770 cum
1234 728 1399 784 regium
1418 728 1629 769 claudi-A
1639 735 1689 765 Μ.
1700 739 1793 768 2657.

113 787 501 842 cassetimperium:
522 799 605 829 erat
618 788 727 828 enim
740 790 842 842 pede
855 789 1040 828 claudus.
1073 790 1170 829 ²Ad
1182 795 1439 841 postremum
1452 797 1574 828 statu·
1590 776 1710 851 8111οΩ
1722 783 1794 853 ἷζε

115 845 252 898 erunt,
272 847 422 887 melius
440 861 525 887 esse
543 847 705 888 incessu
722 861 876 901 regem,
898 861 1025 901 quam
1041 845 1215 898 imperio
1230 860 1404 912 regnum
1421 845 1575 886 claudi-
1589 864 1666 894 Ant
1673 864 1708 895 C
1718 828 1794 896 ο35

114 916 223 944 care.
283 905 552 959 Posteaquam
571 905 816 961 Agesilaum
836 919 932 944 cum
952 903 1189 959 ingentibus
1211 904 1340 957 copiis
1361 903 1404 944 in
1424 904 1575 945 Asiam

114 961 292 1012 misere;
323 978 403 1003 non
438 963 560 1003 facile
580 963 771 1012 dixerim,
801 964 913 1018 quod
944 961 1059 1002 aliud
1089 977 1161 1015 par
1182 963 1334 1002 ducum
1355 971 1437 1002 tam
1471 964 1575 1002 bene

114 1030 396 1074 comparatum
420 1021 572 1062 fuerit:
606 1021 762 1076 quippe
795 1030 905 1072 aetas‚
933 1019 1077 1071 virtus,
1107 1019 1344 1072 consilium,
1374 1020 1576 1073 sapientia

114 1077 277 1134 utrique
298 1094 426 1133 prope
447 1094 551 1128 una3
575 1080 707 1134 gloria
728 1094 893 1135 quoque
912 1093 1050 1118 rerum
1071 1088 1276 1133 gestarum
1296 1079 1458 1119 eadem:
1483 1079 1576 1134 qui-

114 1137 192 1177 bus
209 1137 303 1177 cum
324 1137 437 1191 paria
454 1138 592 1178 omnia
606 1138 771 1178 fortuna
788 1136 962 1178 dederit:
987 1136 1214 1177 ⁵invictum
1230 1145 1365 1177 tamen
1383 1138 1432 1176 ab
1450 1138 1576 1178 altero

114 1194 339 1250 utn'lmque
361 1195 551 1236 servavit.
616 1197 796 1251 Magnus
825 1195 951 1250 igitur
971 1196 1188 1236 amborum
1208 1204 1426 1248 apparatus
1462 1195 1579 1247 belli,

114 1253 302 1308 ‘magnae
321 1268 385 1295 res
407 1262 531 1310 gestae
552 1253 731 1294 fuerunt.
794 1254 872 1294 Sed
897 1254 1110 1294 Cononem
1131 1253 1275 1294 seditio
1294 1252 1476 1293 militum
1512 1253 1578 1293 in-

113 1311 240 1362 vadit,
262 1327 365 1367 quos
387 1312 568 1366 praefecti
590 1312 697 1367 regis
717 1313 904 1352 fraudare
926 1311 1130 1365 stipendio
1147 1311 1255 1352 soliti
1272 1320 1400 1362 erant,
1419 1312 1523 1352 beo
1513 1327 1579 1351 m-

114 1369 286 1411 stantius
307 1370 446 1412 debita
465 1371 735 1424 poscentium,
756 1370 836 1426 quo
858 1370 1090 1424 graviorem
1109 1371 1184 1410 sub
1206 1384 1357 1425 magno
1373 1373 1475 1410 duce
1494 1370 1580 1410 mi-

114 1427 252 1469 litiam
288 1431 608 1482 praesumebant
670 1429 816 1485 Itaque
852 1429 1013 1479 Conon,
1043 1428 1116 1469 diu
1151 1443 1245 1483 rege
1280 1442 1353 1481 per
1387 1428 1580 1482 epistolas

115 1486 269 1528 frustra
281 1486 466 1543 fatigato,
480 1489 530 1527 ad
543 1495 797 1541 postremum
811 1487 898 1540 ipse
913 1489 962 1527 ad
976 1501 1070 1527 eum
1085 1486 1235 1540 pergit:
1251 1486 1273 1526 ὲ,
1286 1486 1350 1540 cuj
1357 1502 1402 1527 us
1415 1495 1580 1539 aspectu

114 1553 155 1586 et
174 1546 385 1602 colloquio
406 1546 637 1600 prohibitus
658 1555 732 1599 est,
761 1547 870 1602 qubd
892 1561 989 1585 eum
1011 1560 1124 1585 more
1144 1545 1361 1585 Persarum
1387 1547 1579 1585 ⁷adorare

113 1603 272 1645 n‘ollet:
307 1603 393 1660 agit
425 1613 563 1646 tamen
592 1619 688 1646 cum
707 1620 756 1645 eo
786 1619 860 1658 per
879 1602 1165 1656 internuntios,
1195 1612 1233 1643 et
1254 1603 1456 1658 queritur,
1487 1614 1580 1661 opu-

659 1731 1041 1763 INTERPRETATIO.

157 1801 175 1823 ἦ
193 1802 316 1834 Tandem
330 1802 492 1834 ιίαίυένιυιί
506 1803 602 1832 melius
613 1814 670 1832 esse
678 1803 834 1833 claudicare
911 1803 929 1828 b
946 1803 1003 1842 Qui
1024 1802 1053 1833 εδ
1072 1801 1258 1833 vehemenh'u:
1275 1801 1409 1843 petebant
1430 1801 1583 1844 stipendia

115 1858 207 1887 regem
222 1848 338 1884 u‘ncmn,
352 1858 435 1888 quam
449 1847 602 1877 exercitum
613 1844 697 1876 bono
709 1847 834 1888 impera·
869 1847 900 1876 d
901 1845 971 1882 bita,
992 1845 1044 1886 qu?
1062 1848 1204 1886 graviora
1218 1858 1246 1875 se
1264 1847 1331 1886 pati
1353 1848 1381 1875 in
1403 1846 1470 1877 bello
1483 1849 1584 1887 jacta—

115 1896 177 1921 tore
191 1888 327 1920 destitui.
871 1890 937 1919 bant
951 1890 999 1919 sub
1005 1889 1168 1930 fortissimo
1183 1889 1371 1929 Imperatore.

766 1989 952 2021 NoTAE.

161 2063 192 2092 1.
216 2058 416 2102 Hercyniam]
447 2060 522 2092 Non
550 2058 590 2091 ab
618 2058 834 2100 Hercynione,
867 2058 982 2097 sandri,
996 2058 1050 2100 qui
1066 2058 1228 2091 oraculum
1243 2069 1305 2091 non
1323 2058 1362 2091 de
1377 2059 1526 2102 Agesilao
1541 2060 1585 2093 al-

114 2103 201 2136 ted
187 2113 205 2134 a
222 2103 382 2145 Nephraeo
396 2104 493 2145 petita
507 2102 620 2134 auxilia
635 2102 709 2133 dicit
724 2104 810 2133 Diod.
868 2110 935 2133 tero
949 2102 1029 2143 pede
1045 2102 1248 2142 claudicante,
1272 2102 1326 2133 sed
1340 2102 1380 2133 de
1395 2102 1590 2136 Leotichide

162 2150 192 2178 2.
205 2146 344 2178 δυσωπία
357 2146 476 2189 millia]
497 2146 570 2177 Hoc
584 2144 779 2176 frumentum
795 2144 834 2175 ad
869 2155 906 2176 ex
919 2144 1065 2176 Herculis
1076 2155 1190 2187 genere
1200 2155 1261 2176 non
1271 2145 1390 2188 genito,
1398 2146 1590 2188 interpreta-

117 2188 264 2239 Cyprum
281 2188 419 2220 delatum
435 2196 494 2226 est,
516 2199 586 2230 quae
608 2188 648 2219 ad
671 2189 833 2220 Cononem
869 2195 919 2218 tus
929 2196 988 2224 est,
999 2191 1042 2219 ita
1053 2189 1203 2219 Plutarch.
1213 2188 1354 2229 sedpaulb
1361 2190 1447 2219 aliter
1460 2191 1590 2231 Xenoph.

117 2231 216 2264 inscio
232 2232 388 2274 AEgyptio
403 2231 568 2262 defecerat.
915 2235 944 2262 5.
959 2231 1105 2261 Invictum
1119 2237 1219 2261 tamen.
1222 2230 1234 2273 ]
1250 2232 1323 2262 Non
1338 2231 1422 2262 enim
1437 2242 1509 2263 cum
1525 2234 1589 2264 Co·

161 2275 420 2306 apostatantibus
436 2288 463 2305 s
458 2278 522 2305 ciis.
526 2274 539 2316 ]
553 2275 659 2316 Opera
672 2273 837 2315 Lysandri,
871 2284 966 2313 none,
980 2273 1033 2304 sed
1049 2283 1121 2304 cum
1135 2272 1311 2304 Tissaferne
1325 2281 1357 2305 et
1372 2274 1590 2307 Pharnabazo-

118 2318 174 2359 qui
191 2318 310 2359 Spartae
323 2318 473 2366 Agesilao
487 2316 623 2356 favebat,
637 2326 668 2348 et
679 2328 737 2359 pro
748 2327 786 2347 eo
798 2316 836 2346 ad
916 2321 947 2348 6.
963 2317 1087 2357 Magnae
1103 2329 1146 2347 res
1158 2321 1251 2358 ge‘stae.
1254 2315 1267 2358 ]
1282 2316 1334 2347 Bis
1348 2315 1454 2351 hostes
1464 2328 1594 2359 supera-

118 2360 217 2392 aocias
231 2360 313 2391 Asiae
330 2360 471 2391 civitates
485 2359 658 2401 scripserat.
874 2359 922 2390 vit
936 2359 1112 2397 Agesilaus:
1128 2346 1235 2396 semel,
1248 2369 1319 2390 cum
1330 2359 1415 2391 victo
1427 2359 1465 2390 ad
1478 2363 1592 2392 Pacto-

163 2406 193 2433 4.
212 2403 254 2434 D
255 2404 313 2434 libe
302 2402 399 2434 cmv?
393 2411 466 2433 unt.
471 2403 495 2451 ]·
514 2404 587 2433 Non
602 2403 725 2434 tantum
741 2413 779 2433 an
803 2400 835 2432 il-
875 2402 942 2432 lum
954 2401 1131 2432 Tissaferne
1142 2402 1279 2433 hostium
1291 2402 1397 2432 castris
1407 2403 1524 2444 potitus
1535 2413 1565 2434 es
1568 2411 1593 2442 t;

120 2444 203 2478 ium
216 2444 413 2488 praeficerent
428 2445 541 2487 copii⁴13
563 2445 615 2476 sed
628 2447 723 2476 etiam
737 2456 775 2476 an
790 2455 839 2475 re-
877 2447 991 2475 iterum
1008 2455 1080 2476 cum
1095 2445 1273 2476 venientem
1300 2444 1541 2477 Pharnabazum
1559 2447 1593 2476 in

145 2498 196 2519 em
205 2488 371 2530 eligerent,
377 2497 492 2520 mortu
488 2488 595 2519 ›enim
609 2488 722 2530 Agide.
732 2488 841 2530 Agesi·
878 2488 972 2520 Caria
994 2486 1129 2527 fugavit,
1149 2496 1338 2529 omnemque
1361 2487 1443 2518 illius
1467 2488 1595 2520 abstulit

118 2499 161 2562 fai
172 2530 280 2565 fratre
295 2531 485 2571 Leothhidi,
499 2532 551 2573 qui
569 2533 621 2564 Ay
627 2531 685 2561 idis
698 2530 781 2562 filius
796 2530 842 2561 cli-
879 2530 991 2571 snpell
997 2531 1113 2562 ctilem.
1158 2531 1263 2571 Quare
1277 2533 1480 2569 Artaxerxes,
1501 2531 1595 2562 misso

121 2574 263 2606 eebatur„
275 2574 422 2605 favebant
440 2585 467 2603 n
475 2574 554 2612 ulti3
569 2574 653 2616 quod
669 2581 702 2604 et
718 2573 845 2604 claudus
879 2573 1075 2610 Tithrauste,
1084 2580 1177 2615 caput
1185 2572 1355 2604 Tissaferni
1366 2555 1527 2615 praescindi
1540 2584 1597 2605 vo-

122 2625 201 2647 esset
217 2616 394 2659 Agesilaus,
415 2626 446 2648 et
461 2598 622 2657 Apollinis
637 2616 845 2658 prohibuisset
880 2616 948 2647 luit.
970 2617 1089 2647 Diodor.

121 2660 297 2697 oraculum,
304 2669 343 2691 ne
351 2670 485 2702 regnum
498 2660 646 2690 claudica.
647 2667 698 2690 et:
712 2659 765 2690 sed
776 2659 847 2690 curn
927 2663 957 2691 7.
979 2661 1111 2690 Adorare
1137 2658 1243 2701 mileu]
1279 2660 1371 2690 Genu
1396 2658 1478 2690 flexo
1505 2659 1597 2701 proni

121 2701 308 2741 Alcibiadis,
329 2713 392 2733 non
408 2703 522 2744 Agidis
537 2701 620 2733 filius
635 2710 715 2733 esset
741 2701 850 2732 Leoti-
886 2702 917 2733 in
933 2709 1051 2733 terram
1074 2701 1315 2744 procumbentes
1329 2701 1432 2733 fronte
1445 2702 1598 2734 feriebant

123 2744 243 2785 «hides,
252 2745 400 2788 praelatus
410 2753 455 2778 est
441 2729 632 2788 ”Agesilaus
644 2755 715 2779 cone
703 2744 772 2778 ilio
784 2746 851 2786 Ly·
887 2744 995 2777 humu·
989 2755 1034 2784 n,
1055 2752 1085 2779 et
1101 2752 1217 2779 terram
1232 2742 1461 2777 osculabantur

1239 2786 1318 2830 F2
