1903 3076
0 256 18 276 k.

563 180 676 222 LIB.
710 180 894 222 XVIII.
947 180 1078 223 CAP.
1109 181 1147 223 Ι.

126 264 223 308 Post
239 267 327 322 ejus
342 273 517 308 mortem
538 265 662 306 frater
684 265 898 306 ¹AEacides
910 280 1036 321 regno
1050 263 1258 316 successit,
1280 264 1387 321 ειφή,
1408 264 1582 306 assiduis

122 326 319 367 adversus
334 325 584 365 Macedonas
603 324 805 365 bellorum
818 323 1118 382 *certaminibus
1140 325 1341 376 populum
1360 324 1583 379 fatigand0‚

126 383 322 425 offensam
342 382 499 423 civium
519 381 745 431 contraxit3
771 397 817 422 ac
837 381 1051 436 propterezl
1069 381 1110 420 in
1133 381 1306 421 exilium
1329 393 1454 429 actus,
1478 382 1583 437 Pyr-

125 443 249 482 rhum
279 440 411 485 filium
441 440 605 480 bimum
640 442 895 490 ²admodum,
926 439 968 480 in
1004 455 1130 495 regno
1163 439 1348 494 reliquit.
1424 440 1507 495 Qui
1543 447 1583 480 et

126 498 215 553 ipse
244 497 341 539 curn
372 498 395 538 τὶ
425 499 580 552 populo
623 507 788 552 propter
818 498 962 539 odium
992 496 1120 552 patris
1149 499 1200 537 ad
1238 512 1381 537 necem
1423 513 1584 553 quaere—

123 565 252 607 retur,
281 555 426 597 furtim
456 558 684 597 subtractus
717 556 761 596 in
795 556 962 611 Illyrios
993 556 1197 596 defertur:
1231 555 1487 610 traditusque
1524 566 1584 596 est

123 614 284 665 Beroae,
303 614 510 656 ³Glauciae
530 614 640 669 regis
661 613 796 666 uxori,
828 613 1081 664 nutriendus,
1108 628 1202 669 quae
1233 623 1272 654 et
1302 613 1391 666 ipsa
1423 614 1584 669 generis

124 671 397 713 AEacidamm
419 683 517 713 erat.
579 673 646 713 Ibi
667 688 777 723 eum,
801 688 872 713 seu
892 671 1172 713 misericordi&
1193 672 1366 712 fortunae
1387 673 1492 724 ejus,
1511 687 1583 713 seu

121 729 384 771 infantilibus
405 730 714 772 ⁴blandimentis
734 730 924 772 inductus
942 745 1031 781 rex,
1050 730 1289 771 ¹'adversum
1305 729 1583 770 Cassandrum

124 787 382 830 Macedoniae
399 804 555 844 regem,
574 789 645 843 qui
660 803 754 829 eum
772 790 846 830 sub
864 789 964 829 belli
983 788 1304 831 comminatione
1321 789 1582 841 deposcebat,

123 845 196 886 diu
210 847 404 901 protexit,
421 847 558 888 addito
571 847 614 887 in
632 846 838 887 auxilium
852 846 976 887 etiam
993 846 1222 899 adoptionis
1240 846 1386 887 officio.
1419 846 1583 901 Quibus

124 906 248 945 rebus
268 905 370 947 moti
400 905 598 959 Epirotae,
629 905 724 946 odio
745 904 790 944 in
811 904 1137 945 misericordiam
1160 920 1291 954 verso,
1314 919 1513 944 annorum
1534 916 1583 945 xt

125 978 222 1013 eum
253 963 296 1004 in
326 978 500 1019 regnum
541 963 851 1013 revocaverunt,
893 962 996 1003 datis
1038 963 1254 1012 tutoribus,
1298 963 1367 1018 qui
1408 977 1584 1017 regnum

123 1036 256 1075 usque
277 1022 457 1062 adultam
477 1021 565 1074 ejus
586 1030 743 1061 aetatem
764 1030 985 1062 tuerentur.
1017 1021 1270 1061 Adolescens
1285 1020 1430 1061 deinde
1452 1021 1585 1062 multa.

125 1079 236 1120 bella
255 1080 409 1134 gessit3
440 1080 657 1134 tantusque
688 1094 826 1120 rerum
856 1094 1042 1120 successu
1071 1077 1215 1119 haberi
1236 1087 1394 1132 coeptus
1423 1087 1499 1132 est,
1536 1088 1583 1120 ut

126 1136 373 1179 Tarentinos
393 1138 504 1180 solus
525 1137 718 1179 adversus
738 1138 950 1178 Romanos
969 1135 1074 1178 tueri
1095 1149 1212 1191 posse
1232 1137 1454 1178 videretur.

661 1244 1043 1276 INTERPRETATIO.

166 1308 184 1329 ²
216 1310 276 1350 Qui
303 1310 428 1342 incurris
455 1312 545 1341 odium
571 1312 736 1352 populorum
765 1312 833 1353 quia
871 1312 930 1341 lum
953 1316 1114 1352 protegeret
1143 1316 1240 1340 contra
1271 1310 1463 1342 Cassandrum
1492 1323 1583 1352 regem

111 1352 268 1395 fatigabat
287 1355 434 1395 populum,
460 1353 569 1386 assidui
594 1354 693 1385 bellum
712 1356 833 1396 gerendo
873 1355 1065 1390 Macedonia»,
1079 1354 1128 1395 qui
1141 1353 1241 1384 bellum
1257 1354 1432 1392 minabatur,
1452 1353 1510 1386 nisi
1523 1355 1582 1397 ipsi

122 1402 222 1428 contra
238 1396 423 1427 Macedonas.
871 1395 1065 1427 redderetur.

166 1438 185 1465 b
202 1439 279 1470 Eum
293 1441 341 1470 diu
351 1441 493 1482 protcffin
512 1446 539 1471 et
559 1440 719 1482 adoptavit,
742 1446 773 1471 ut
794 1440 831 1470 il-

773 1527 944 1559 NOTAE.

172 1596 199 1623 1.
214 1592 374 1635 AEacides.]
396 1594 500 1635 Quem
515 1592 532 1624 ἐ
545 1593 616 1630 suis,
629 1592 704 1624 dum
721 1592 833 1634 Olym·
917 1596 947 1623 3.
980 1593 1108 1623 Glauciae
1130 1591 1229 1635 regin]
1277 1591 1466 1624 Plutarchus
1487 1599 1582 1624 vocat

123 1634 248 1678 piadem
285 1636 419 1673 reducit,
461 1636 645 1667 derelictum
688 1635 832 1673 diximus,
850 1620 857 1692 ι
874 1633 1044 1666 Glauciam.

125 1688 223 1720 quare
244 1677 339 1719 paulo
362 1688 432 1720 post
455 1678 486 1709 in
502 1679 627 1710 exilium
644 1678 755 1710 missus
778 1685 834 1709 est.
915 1681 944 1708 4.
967 1676 1202 1714 Blandimentis]
1223 1678 1278 1709 Ad
1293 1687 1397 1719 genua
1410 1676 1493 1718 regis
1507 1687 1583 1719 pro-

168 1725 196 1752 2.
212 1722 367 1752 Admodum
379 1721 564 1765 parvulum]
593 1721 722 1753 Bimum
738 1721 834 1752 habet
872 1720 1030 1758 volutum,
1044 1727 1165 1751 vestem
1180 1720 1262 1752 illius
1276 1720 1516 1764 apprehendisse
1532 1730 1582 1751 re-

125 1762 321 1797 Plutarchus.
729 1764 731 1768 '
871 1764 933 1795 fert
949 1762 1142 1796 Plutarchus.

128 1896 1569 1922 :m

591 2012 594 2016 ’
631 2031 832 2080 LIBER
872 2030 1072 2079 XVIII.

485 2117 888 2161 BREVIARIUM
921 2115 1216 2158 CAPITUM.

128 2223 168 2256 1.
200 2212 355 2270 Pyrrho
374 2211 602 2253 Tarentinis
619 2211 803 2252 adversas
816 2212 1003 2252 Romanos
1022 2207 1211 2264 suppetias
1216 2205 1383 2262 ferenti,
1404 2204 1582 2247 Valerius

243 2270 424 2312 Laevinus
443 2270 612 2311 occurrit
631 2287 643 2320 5
672 2271 766 2310 unde
778 2269 927 2326 praelia
947 2277 982 2308 et
1001 2276 1163 2321 strages.

127 2340 170 2372 2.
205 2327 582 2382 Carthaginiensium
600 2321 787 2368 auxiliuin
804 2326 973 2368 Romani
984 2325 1196 2366 remittunt.
1219 2323 1310 2364 Pax
1326 2338 1408 2363 cum
1425 2322 1582 2375 Pyrrho

242 2386 492 2443 componitur.
568 2387 825 2427 Romanorum
866 2382 1114 2427 continentia:
1188 2381 1366 2435 Pyrrhus
1406 2380 1582 2427 Siciliam

239 2454 412 2501 occupat.
699 2494 706 2497 ‚
1473 2495 1481 2503 .
1552 2495 1562 2503 .

130 2512 169 2545 3.
202 2503 264 2544 De
288 2501 659 2556 Carthaginiensium
692 2500 835 2556 origine
866 2511 902 2542 et
936 2499 1124 2542 veteribus
1160 2497 1290 2540 incolis
1318 2496 1513 2552 digressio,
1543 2511 1582 2537 m

242 2562 320 2616 qud
335 2560 449 2602 etiam
468 2561 512 2600 de
532 2559 682 2600 Sidonis
700 2570 736 2600 et
761 2560 864 2616 ZJyri
879 2558 1146 2600 conditoribus.

133 2626 172 2663 4.
204 2617 349 2661 Incolae
374 2618 487 2676 Tyri,
507 2619 608 2660 inter
624 2632 715 2672 quos
735 2618 868 2673 Elisa,
886 2634 969 2676 quae
990 2619 1017 2660 τὶ
1041 2613 1291 2675 Pygmalz‘one
1300 2613 1446 2669 fi‘atre
1463 2625 1583 2656 recesq

249 2676 314 2731 sit,
332 2686 374 2719 ut
392 2676 502 2719 rebus
521 2676 596 2719 suis
616 2676 833 2720 consuleret.
1180 2729 1233 2773 M

1719 192 1736 227 1

1750 192 1798 226 <l
