1903 3076
593 136 706 181 LIB.
727 132 899 178 XLIV.
930 134 1064 178 CAP.
1087 133 1176 177 IV.

145 230 226 264 tus.
256 219 452 263 ‘Deinde
481 219 654 260 relatum
675 221 860 270 domum,
890 218 1048 258 tramite
1081 224 1267 274 angusto,
1297 230 1369 270 per
1391 229 1515 272 quem
1536 229 1600 256 ar.

143 289 280 321 menta
298 293 525 320 commeare
543 286 847 327 consueverant,
873 276 1023 329 -projici
1051 276 1192 329 jubet:
1228 274 1405 315 crudelis
1434 288 1596 328 prorsus

144 337 216 394 qui
247 335 469 390 proculcari
494 344 700 388 nepotem,
733 335 859 391 quam
890 333 1069 386 simplici
1092 342 1220 373 morte
1242 332 1411 373 interfici
1433 331 1596 372 maluit.

143 395 211 437 Ibi
231 409 395 450 quoque
415 394 511 434 cum
533 393 754 434 inviolatus
775 401 892 442 esset,
923 406 996 432 nee
1019 391 1222 432 alimentis
1242 401 1392 445 egeret,
1427 389 1597 431 canibus

141 454 277 508 primo
305 453 470 506 jejunis,
500 461 539 492 et
569 453 793 492 multorum
814 451 973 491 dierum
994 448 1240 490 abstinentia
1261 448 1466 498 cruciatis,
1497 461 1597 488 mox

141 511 266 553 etiam
287 510 428 550 suibus
457 509 624 564 objecit.
685 509 827 564 Itaque
859 508 954 548 cum
985 523 1066 547 non
1096 507 1231 548 solum
1262 522 1342 547 non
1372 515 1598 556 noceretur,
1649 513 1654 517 ’

141 569 288 611 verum
318 567 441 608 etiam
472 569 724 622 quarundam
757 566 951 608 uberibus
986 567 1161 606 aleretur
1172 579 1186 612 3
1234 567 1284 605 ad
1322 564 1515 604 ultimum
1555 562 1599 603 in

143 628 357 668 Oceanum
377 626 499 680 abjici
517 626 651 679 jussit.
691 623 710 649 b
724 624 836 665 Tum
858 624 978 678 plane
999 622 1216 664 manifesto
1232 624 1410 678 quodam
1429 621 1598 663 numine

140 684 247 726 inter
269 685 446 725 furentes
479 694 614 733 aestus,
647 693 686 724 et
717 683 1014 736 reciprocantes
1046 683 1192 732 undas,
1224 683 1337 722 velut
1366 695 1487 731 nave,
1517 695 1599 720 non

138 743 280 792 fluctu,
296 744 524 794 veheretur,
536 741 619 783 leni
637 742 721 782 salo
734 741 775 781 in
787 741 905 781 litore
915 740 1152 795 exponitur:
1174 755 1247 780 nec
1261 739 1394 780 multe>
1407 739 1499 792 post
1512 753 1599 779 cer-

141 816 196 843 va
207 801 339 852 affuit,
352 817 443 856 quae
458 802 581 842 ubera
597 800 772 853 parvulo
786 799 960 840 offerret.
993 800 1092 839 lnde
1106 797 1279 854 denique
1294 796 1599 838 conversatione

141 860 310 902 nutricis
330 859 486 900 eximia
514 873 641 912 puero
672 857 891 910 pernicitas
914 857 1018 906 fuit;
1051 856 1240 911 interque
1272 870 1486 896 cervorum
1507 869 1596 909 gre-

144 934 215 974 ges
232 918 302 959 diu
318 926 477 959 montes
492 917 704 972 saltusque
721 917 830 957 haud
844 916 1013 956 inferior
1029 914 1245 955 velocitate
1262 912 1508 968 peragravit.
1530 914 1602 953 Ad

143 986 395 1030 postremum
408 977 555 1031 laqueo
571 983 727 1028 captus,
743 974 830 1030 regi
845 976 951 1015 dono
962 975 1078 1015 datus
1092 980 1165 1014 est.
1187 972 1307 1019 Tunc
1322 982 1360 1011 et
1372 971 1601 1011 lineamen-

144 1043 278 1076 torum
289 1034 572 1080 similitudine,
585 1042 623 1073 et
640 1032 744 1074 notis
761 1031 958 1086 corporis,
971 1047 1064 1088 quae
1080 1030 1224 1072 inustae
1243 1031 1412 1084 parvulo
1426 1030 1603 1082 fuerant,

143 1108 270 1147 nepos
285 1093 466 1147 agnitus.
489 1091 776 1134 Admiratione
793 1090 936 1132 deinde
949 1100 1005 1132 tot
1021 1104 1205 1140 casuum,
1220 1087 1601 1143 periculorumque,

145 1152 197 1192 ab
227 1152 371 1192 eodem
403 1164 612 1192 successor
641 1148 756 1204 regni
787 1148 1022 1190 destinatur.
1077 1147 1248 1188 Nomen
1278 1145 1339 1187 illi
1361 1144 1601 1200 impositum

144 1209 328 1258 Habidz‘s,
349 1208 418 1264 qui
439 1217 486 1250 ut
504 1223 677 1263 regnum
699 1206 871 1262 accepit,
890 1216 1010 1248 tantae
1029 1204 1324 1261 magnitudinis
1342 1204 1433 1254 fuit,
1453 1212 1500 1244 ut
1519 1219 1601 1244 non

145 1267 296 1309 frustra
314 1269 484 1308 deorum
506 1266 712 1321 majestate
728 1275 788 1308 tot
807 1264 999 1320 periculis
1019 1273 1180 1317 ereptus
1195 1262 1418 1305 videretur:
1444 1261 1599 1318 quippe

143 1326 362 1366 barbarum
385 1326 586 1379 populum
605 1324 769 1380 legibus
785 1323 952 1379 junxit3
985 1331 1026 1364 et
1044 1323 1170 1364 boves
1193 1322 1353 1375 primus
1374 1328 1508 1362 aratro
1530 1321 1603 1360 do-

143 1383 265 1435 mari,
293 1386 310 1406 ⁶
323 1382 611 1438 frumentaque
641 1384 754 1424 sulco
774 1397 954 1438 quaerere
975 1380 1141 1429 docuit;
1172 1389 1214 1422 et
1244 1395 1296 1421 ex
1327 1377 1474 1434 agresti
1505 1377 1600 1418 cibo

145 1441 310 1483 mitiora
329 1441 454 1492 vesci,
475 1441 571 1483 odio
592 1456 734 1481 eorum
748 1457 841 1497 quae
862 1440 948 1495 ipse
968 1454 1107 1494 passus
1128 1439 1275 1489 fuerat,
1295 1437 1482 1478 homines
1504 1438 1601 1476 coe‘-

144 1500 220 1556 git.
252 1500 391 1554 Hujus
405 1513 519 1541 casus
541 1499 721 1540 fabulosi
737 1500 987 1549 viderentur,
1009 1496 1086 1539 nisi
1106 1506 1144 1547 et
1159 1497 1446 1538 Romanorum
1459 1493 1599 1537 condi-

145 1566 251 1599 tores
269 1559 368 1612 lupa
390 1557 545 1607 nutriti,
576 1567 617 1599 et
648 1559 786 1613 Cyrus
816 1573 889 1599 rex
915 1558 1130 1599 Persarum
1152 1570 1248 1596 cane
1271 1554 1391 1596 alitus
1412 1555 1600 1607 prodere-

146 1623 226 1657 tur.
259 1617 330 1657 Ab
353 1619 430 1657 hoc
451 1625 492 1658 et
511 1616 737 1658 ministeria
759 1615 928 1657 servilia
944 1615 1098 1669 populo
1114 1612 1342 1665 interdicta,
1362 1621 1400 1653 et
1420 1612 1536 1665 plebs
1556 1609 1600 1652 in

145 1683 302 1728 septem
323 1676 444 1716 urbes
464 1674 608 1716 divisa.
642 1675 809 1716 Mortuo
829 1673 1008 1725 Habide‚
1026 1687 1199 1728 regnum
1218 1685 1290 1725 per
1308 1671 1439 1711 multa
1462 1670 1601 1711 secula

147 1732 172 1773 a
184 1733 484 1775 successoribus
499 1733 586 1788 ejus
600 1741 803 1775 retentum
818 1742 892 1773 est.
926 1732 980 1772 In
990 1731 1070 1773 alia
1084 1739 1198 1785 parte
1216 1727 1440 1782 Hispaniae,
1454 1737 1493 1769 et
1509 1743 1600 1785 quae

147 1805 200 1831 ex
216 1791 359 1833 insulis
371 1801 539 1842 constat,
559 1806 732 1847 regnum
754 1797 767 1814 ¹
785 1805 909 1846 penes
921 1790 1164 1845 Geryonem
1181 1788 1274 1829 fuit.
1296 1785 1315 1811 ‘¹
1329 1786 1377 1828 In
1399 1786 1476 1827 hac
1493 1795 1602 1827 tanta
1617 1804 1815 1836 AM⁴2832

147 1848 291 1904 pabuli
311 1849 451 1891 laetitia
471 1859 544 1901 est,
572 1859 618 1891 ut
647 1849 725 1890 nisi
751 1848 995 1891 abstinentia
1025 1847 1281 1900 interpellata
1302 1844 1443 1901 sagina
1463 1844 1604 1895 fuerit,
1619 1848 1701 1879 A·C·
1719 1850 1813 1879 11:20.

150 1921 297 1961 pecora
316 1918 570 1962 rumpantur.
618 1907 718 1948 Inde
737 1908 913 1963 denique
935 1915 1116 1948 armenta
1143 1903 1370 1959 Geryonis,
1405 1918 1499 1958 quae
1518 1901 1606 1944 illis

149 1965 405 2020 temporibus
423 1967 519 2008 solae
541 1980 637 2020 opes
655 1968 924 2016 habebantur,
957 1974 1077 2006 tantae
1097 1964 1217 2004 famae
1241 1962 1370 2011 fuere,
1401 1965 1416 1983 ²·
1432 1971 1474 2002 ut
1495 1962 1605 2002 Her-

149 2024 287 2065 culem
303 2039 355 2065 ex
376 2024 478 2066 Asi-:2
495 2027 640 2079 praedae
659 2024 939 2081 magnitudine
953 2022 1174 2064 illexerint.
1220 2021 1347 2062 Porro
1361 2020 1605 2074 Geryonem

689 2103 1072 2136 INTERPRETATIO.

194 2159 210 2180 ²
228 2161 382 2202 Postquam
397 2161 504 2190 domum
518 2160 624 2191 relatus
642 2165 693 2198 est,
705 2159 790 2201 jubet
801 2171 861 2189 cun
893 2161 926 2189 do
938 2172 948 2193 ,-
974 2160 1032 2188 odio
1046 2157 1150 2188 habens
1166 2168 1198 2187 ea
1213 2166 1272 2198 que
1290 2161 1394 2196 passus
1407 2154 1525 2195 suerat,
1547 2153 1607 2184 ισέ-

144 2204 252 2244 projici
267 2205 296 2233 in
307 2204 422 2233 tramite
435 2210 569 2244 angustas-
583 2209 724 2244 perquem
735 2207 863 2233 armenta
890 2202 936 2243 git
961 2201 1083 2230 homines
1108 2201 1274 2229 manducare
1298 2197 1368 2228 cibos
1397 2198 1533 2235 mitiores,
1554 2207 1606 2226 non

147 2245 270 2277 solebant
283 2248 418 2276 transire.
893 2251 1028 2286 agresta,
1042 2250 1076 2273 ut
1090 2240 1239 2272 solebant.

192 2288 211 2314 b
230 2288 302 2319 Tum
318 2286 461 2329 apparuit
470 2286 631 2330 manifesti,
644 2287 717 2330 quad
727 2289 808 2318 Illum
822 2289 863 2318 dii
936 2287 952 2312 d
977 2287 1014 2317 In
1029 2285 1082 2316 bric
1099 2291 1187 2326 parte
1200 2289 1282 2313 tanea
1295 2282 1375 2324 copia
1389 2287 1430 2312 cst
1439 2280 1551 2323 pabuli,
1575 2287 1606 2310 ut

145 2331 331 2373 defenderent.
360 2332 443 2361 Nam
458 2333 540 2372 quasi
553 2331 717 2370 veheretur,
729 2330 863 2371 nonstuc-
891 2337 994 2371 pecora
1004 2334 1132 2369 pereant,
1151 2325 1241 2357 nim-'12
1251 2326 1430 2368 pinguedine,
1442 2323 1499 2354 ulsi
1516 2333 1606 2354 cave-

147 2379 180 2404 n
200 2375 249 2404 ted
267 2385 354 2411 nave,
373 2375 447 2404 inter
469 2380 550 2404 estus
563 2374 697 2413 furentes
716 2380 742 2404 et
763 2375 863 2404 undam
897 2380 958 2409 tur,
978 2385 1012 2402 ne
1031 2369 1165 2401 nimium
1185 2370 1362 2411 saginentur,
1381 2378 1415 2399 ea
1443 2368 1605 2398 removendo

146 2417 300 2490 αὲἱέαειαὶηι,
315 2419 466 2490 εκρέἧίηιν
481 2418 517 2502 i}
526 2416 604 2446 molli
618 2417 678 2447 salo
691 2417 797 2447 litoris.
895 2417 1033 2446 interdum
1048 2413 1066 2447 ἦ.
1081 2410 1206 2456 pabulo.

265 2461 338 2490 ocut'e
351 2471 365 2490 c
404 2461 482 2502 igere
513 2465 639 2490 ruo-enta
653 2466 762 2490 terram
776 2461 862 2491 colen·

797 2521 968 2554 NOTAE.

190 2577 220 2606 1.
242 2575 329 2607 Penes
348 2574 532 2620 Geryonem]
563 2575 636 2606 Non
650 2574 773 2611 eodem,
796 2583 860 2615 quo
893 2571 1020 2603 historia
1045 2569 1153 2603 multis
1181 2569 1295 2601 infecta
1323 2567 1437 2600 fabulis
1460 2566 1605 2611 explicari

147 2616 250 2650 nabis
261 2624 416 2662 tempore,
437 2618 489 2650 sed
504 2617 606 2649 multo
620 2617 694 2649 ante
715 2617 860 2659 regnavit
894 2614 1058 2646 commode
1069 2614 1110 2645 sic
1147 2612 1250 2645 merit.
1279 2611 1364 2645 cnm
1377 2611 1406 2641 in
1417 2611 1607 2652 Hispaniam

148 2661 290 2702 Geryon.
894 2661 1022 2699 Geryon
1044 2667 1127 2699 appu
1143 2656 1225 2692 isset,
1237 2655 1375 2696 primum
1392 2652 1506 2684 incolas
1519 2652 1606 2696 inge-

188 2706 218 2735 2.
253 2704 293 2734 Ue
316 2704 470 2736 Herculem
493 2717 529 2735 ex
553 2702 652 2745 Asia]
705 2702 861 2744 Geryonis
893 2700 946 2732 nio
960 2700 1064 2737 rudes,
1084 2706 1116 2730 et
1140 2708 1197 2740 per
1223 2707 1326 2740 agros,
1347 2695 1485 2727 ferarum
1506 2705 1607 2730 more,

1144 2747 1220 2782 Y4
