1903 3076
121 224 203 264 314

922 217 1128 261 JUSTIN
1133 218 1152 259 1

354 306 568 356 habuerit;
602 309 672 348 sed
693 305 835 347 omnia
855 308 1103 359 communia,
1137 316 1178 349 et
1210 306 1384 349 indivisa
1404 308 1595 351 omnibus
1621 310 1758 353 fuerin
1785 344 1799 363 ‚

353 366 483 407 veluti
501 367 658 406 cunctis
671 365 964 419 patrimonium
979 375 1097 406 esset.
1148 367 1214 406 Ob
1229 367 1346 419 cujus
1358 368 1538 420 exempli
1554 370 1800 410 memoriam

355 434 520 465 cautum
559 431 619 464 est
657 433 700 464 ut
757 427 769 443 ¹
793 424 1094 472 Samrnalibus‚
1116 434 1328 478 exaequato
1360 425 1545 466 omnium
1570 426 1677 479 jure,
1706 442 1799 481 pas..

355 483 437 523 sim
458 482 502 521 in
523 481 725 522 conviviis
745 481 852 520 servi
872 496 967 521 cum
984 480 1160 522 dominis
1181 484 1434 524 recumbant.
1495 483 1640 538 Itaque
1662 485 1799 537 Italia,

354 540 462 595 regis
478 539 655 589 nomine,
674 538 861 579 Saturnia
877 540 1080 592 appellata
1100 546 1159 595 est
1175 556 1182 579 :
1217 548 1254 579 et
1271 555 1399 589 mons,
1416 541 1459 580 in
1476 556 1558 596 quo
1574 542 1798 594 habitabat,
1848 540 1853 546 ’

354 597 559 639 Saturnius
578 614 590 637 .·
611 597 655 637 in
669 612 748 652 quo
762 612 884 648 nunc,
904 597 1032 637 veluti
1045 597 1067 635 a
1082 598 1181 637 Jove
1198 597 1315 648 pulso
1333 598 1493 639 sedibus
1508 599 1589 640 suis
1606 600 1796 650 Saturno,

355 662 369 681 ²
386 656 639 710 Capitolium
651 664 723 696 est.
753 655 848 695 Post
860 658 968 695 hunc
981 654 1098 696 tertio
1110 656 1198 695 loco
1211 655 1404 711 regnasse
1421 655 1626 697 3Faunum
1639 658 1792 709 ferunt,

354 717 514 769 subquo
561 717 577 738 ⁴
593 714 801 763 Evander,
832 714 882 752 ab
906 713 1093 754 Arcadiae
1122 714 1221 753 urbe
1267 716 1281 739 ⁵
1298 714 1522 765 Pallanteo,
1552 714 1595 755 in
1626 715 1789 758 Italiam

354 788 450 813 cum
471 770 666 812 mediocri
686 771 806 812 turbfi
825 772 1088 824 popularium
1104 771 1238 811 venit:
1271 771 1339 811 cui
1362 771 1524 812 Faunus
1544 780 1583 812 et
1603 788 1736 830 agros,
1752 784 1791 815 et

354 839 550 880 montem,
567 843 690 884 quem
701 829 774 869 ille
787 829 925 881 postea
944 833 963 857 ⁶
978 829 1178 869 Palatium
1199 828 1438 883 appellavit,
1464 829 1642 885 benigne
1657 832 1790 888 assig-

353 890 481 932 navit.
522 888 571 927 In
584 887 706 941 hujus
718 887 921 928 radicibus
939 889 1139 941 templum
1155 887 1320 942 Lycaeo,
1335 902 1458 943 quem
1470 887 1611 928 Graeci
1632 893 1649 918 ⁷
1661 891 1791 941 Pana,

355 945 535 988 Romani
568 948 584 972 ⁸
605 946 817 1002 Lupercum
838 947 1058 999 appellant,
1089 945 1318 987 constituit:
1352 946 1491 999 ipsum
1511 945 1597 986 Dei
1618 945 1791 987 simula..

351 1015 470 1045 ‘crum
499 1006 655 1046 nudum
685 1004 850 1058 caprina
890 1005 997 1056 pelle
1029 1003 1225 1044 amictum
1269 1013 1342 1055 est,
1387 1018 1468 1058 quo
1507 1003 1650 1045 habitu
1684 1005 1791 1048 ‘nunc

356 1064 502 1105 Romae
522 1068 539 1093 ⁹
560 1062 853 1117 Lupercalibus
874 1067 907 1085 ¹⁰
929 1062 1167 1105 decurritur.
1227 1061 1366 1103 Fauno
1386 1060 1466 1103 fuit
1494 1077 1598 1104 uxor
1627 1063 1791 1111 nomine

982 1236 1171 1268 NOTAE.

347 1336 480 1377 ideoque
501 1336 516 1366 J
520 1335 571 1367 ovi
582 1343 713 1367 strueret
722 1335 860 1373 insidias3
877 1335 914 1367 ab
927 1346 963 1367 eo
974 1337 1050 1367 Cre·
1085 1335 1115 1366 in
1131 1333 1199 1366 loco
1211 1334 1312 1366 fuerat
1343 1335 1526 1366 Sabinorum
1553 1337 1644 1367 scutis
1665 1337 1784 1371 obruta.

348 1378 379 1408 ta
408 1379 533 1419 ejectus,
555 1379 586 1409 in
615 1378 735 1409 Italiam
764 1378 914 1420 profugit.
958 1379 1049 1409 Unde
1125 1382 1155 1409 3.
1179 1378 1329 1419 Faunum]
1354 1379 1417 1409 Pici
1433 1378 1543 1413 filium,
1557 1379 1609 1420 qui
1624 1379 1641 1409 a
1653 1382 1785 1412 Saturno

344 1431 417 1463 pars
431 1421 634 1462 ltaliae‚qubd
648 1420 691 1451 ibi
705 1422 787 1463 apud
803 1422 914 1452 Janum
937 1420 1050 1452 latitas·
1080 1420 1212 1461 genitus.
1256 1422 1288 1452 A
1305 1423 1408 1451 Fauno
1423 1427 1491 1451 orta
1508 1423 1612 1452 Poetae
1628 1421 1783 1455 finxerunt

347 1472 404 1502 set,
419 1464 547 1497 Latium
564 1464 645 1495 dicta
660 1472 713 1495 est.
757 1464 840 1495 Cum
853 1464 919 1504 agri
929 1463 1047 1494 colendi
1081 1463 1207 1493 numina
1222 1463 1346 1502 rustica,
1361 1474 1437 1506 quos
1451 1465 1570 1495 Faunos
1586 1472 1618 1496 et
1633 1465 1784 1506 Sylvanos

344 1507 498 1537 rationem
515 1508 627 1538 Janum
642 1506 804 1544 docuisset,
825 1507 857 1537 in
872 1506 961 1548 regni
975 1517 1047 1548 por-
1080 1504 1283 1547 appellfirunt.

346 1549 466 1580 tionem
480 1549 518 1580 ab
534 1560 571 1580 eo
586 1557 727 1590 receptus
736 1555 802 1587 est;
819 1548 974 1590 ambo'que
983 1556 1047 1580 tam
1121 1553 1152 1580 4.
1174 1549 1334 1590 Evander]
1357 1549 1425 1580 Rex
1440 1547 1593 1586 Arcadiae,
1606 1550 1785 1582 Carmentis

346 1592 486 1623 unanimi
509 1603 656 1623 consensu
679 1591 829 1633 regebant
850 1591 991 1634 populos,
1013 1600 1046 1623 ut
1080 1591 1224 1622 Fatidica:
1238 1590 1331 1628 filius,
1353 1592 1424 1623 cum
1454 1599 1575 1632 patrem
1601 1591 1782 1634 imprudens

347 1645 455 1665 eorum
471 1642 544 1666 aetas
558 1646 650 1666 aurea
662 1635 757 1666 fuerit
770 1642 955 1676 nuncupata.
1077 1633 1247 1672 occidisset,
1272 1633 1377 1675 pulsus
1392 1633 1526 1665 Arcadia
1548 1634 1635 1665 venit
1649 1636 1681 1666 in
1697 1636 1781 1667 ltali-

394 1682 420 1708 1.
434 1678 656 1720 Saturnalibus.]
689 1678 813 1708 Saturni
828 1677 924 1708 Feriae
940 1687 1044 1708 mense
1077 1685 1139 1713 am,
1154 1675 1207 1707 ubi
1223 1676 1382 1708 conditum
1398 1676 1428 1706 in
1444 1684 1550 1707 monte
1566 1676 1708 1708 Palatino
1723 1689 1780 1721 op·

345 1720 514 1752 Decembri
528 1720 675 1751 celebrari
688 1719 838 1759 solebant,
860 1720 909 1751 die
924 1720 1044 1751 decimo
1076 1719 1183 1760 pidum
1193 1718 1356 1750 &Pallante
1363 1729 1482 1760 proavo
1490 1719 1568 1750 dixit
1575 1719 1781 1753 Pallanteum.

344 1771 473 1803 quarto:
492 1764 628 1806 Cecrops
636 1763 775 1794 omnium
787 1763 915 1804 primus,
929 1770 963 1794 ut
974 1764 1039 1793 Ma·
1116 1765 1145 1792 5.
1161 1762 1330 1803 Pallantea]
1364 1762 1423 1794 Cui
1439 1771 1551 1803 nymfan
1563 1762 1743 1804 impositum
1757 1763 1778 1796 5.

343 1805 465 1837 crobius
477 1806 589 1847 probat
618 1817 655 1837 ex
681 1805 878 1842 Philochoro,
902 1807 1043 1841 Saturno,
1076 1803 1212 1835 Pallante
1227 1815 1289 1836 uno
1303 1804 1439 1836 filiorum
1453 1805 1614 1846 Lycaonis.
1650 1807 1700 1836 Ex
1712 1807 1777 1838 He-

343 1856 375 1879 et
386 1848 459 1890 Opi,
470 1855 615 1890 tanquam
624 1849 751 1891 frugum
762 1848 972 1890 repertoribus
983 1856 1040 1879 sta·
1066 1849 1152 1878 fiodo.

342 1891 404 1922 tuit
433 1892 465 1922 in
495 1891 614 1929 Attica,
641 1900 676 1923 ut
701 1890 950 1933 patres-familias
981 1891 1040 1923 una
1113 1893 1142 1920 6.
1157 1889 1328 1932 Palatium]
1359 1889 1448 1921 Mira
1459 1890 1540 1921 inter
1551 1892 1705 1922 Auctores
1713 1891 1775 1923 hoc

343 1943 416 1965 cum
445 1935 540 1965 servis
565 1934 707 1977 frugibus
732 1943 937 1966 vescerentur.
978 1935 1040 1976 Qui
1072 1932 1109 1962 de
1123 1933 1248 1963 nomine
1263 1933 1401 1964 varietas.
1433 1936 1464 1964 A
1477 1932 1617 1965 Pallante
1626 1933 1774 1965 Arcadiae

341 1976 412 2007 festi
426 1977 491 2007 dies
504 1977 685 2008 dicebantur
697 1977 801 2019 κρόνια,
823 1977 932 2018 quibus
957 1977 1041 2008 nefas
1072 1974 1147 2005 urbe
1163 1975 1332 2007 deductum
1346 1974 1414 2007 vult
1437 1974 1566 2006 Livius:
1604 1975 1623 2007 a
1653 1976 1771 2008 Palatia

341 2026 409 2050 erat
423 2031 530 2061 gerere
544 2019 661 2050 bellum
676 2027 706 2051 et
715 2020 826 2061 punire
833 2030 1019 2061 quemquami
1032 2033 1039 2051 z
1070 2018 1173 2048 Latini
1189 2029 1284 2049 uxore
1299 2020 1399 2049 Varro
1412 2031 1419 2049 ε
1444 2017 1576 2057 Solinus,
1598 2017 1650 2049 vel
1663 2018 1681 2050 ἐ
1695 2019 1772 2050 Pale

339 2073 446 2092 servos
481 2062 598 2092 domini
634 2062 825 2104 excipiebant
868 2063 1015 2093 conviviis
1030 2076 1037 2101 3
1071 2062 1233 2092 Pastorum
1262 2060 1329 2098 dea,
1360 2061 1410 2092 vel
1431 2060 1449 2092 εἰ
1473 2060 1612 2092 Pallante
1632 2061 1771 2092 Evandri

338 2104 463 2145 quidvis
483 2105 579 2135 libere
601 2105 685 2147 loqui
714 2105 874 2146 mancipiis
902 2105 1013 2136 licebat
1028 2119 1035 2144 ;
1069 2103 1150 2134 filio:
1168 2103 1220 2134 alii
1231 2104 1362 2145 denique
1372 2104 1409 2134 ab
1420 2102 1605 2140 Arcadibus,
1617 2102 1702 2145 quod
1714 2115 1769 2146 pa-

335 2148 443 2187 pileos,
460 2147 608 2178 libertatis
623 2148 756 2189 signum,
769 2156 900 2188 gestare,
924 2156 955 2179 et
977 2148 1036 2179 cal·
1068 2145 1177 2185 lantes,
1191 2146 1249 2177 hoc
1264 2153 1320 2183 est,
1334 2154 1491 2187 vagantes,
1500 2145 1572 2176 illuc
1581 2145 1766 2188 appulerint.

335 2190 395 2220 cois
410 2190 616 2232 ingenuorum
632 2190 725 2222 indui.
769 2193 846 2221 Sunt
861 2198 964 2222 tamen
982 2193 1045 2233 qui,
1110 2193 1137 2221 7.
1160 2189 1271 2232 Fama]
1315 2189 1410 2230 Cujus
1425 2188 1506 2220 filius
1520 2190 1586 2220 Pan
1600 2187 1706 2228 fuerit,
1721 2190 1768 2219 in-

331 2232 431 2262 veliut
447 2233 618 2264 Saturnalia
633 2233 764 2264 deducta
779 2244 816 2263 ex
839 2235 1035 2275 Scenopegiis
1067 2240 1185 2263 certum
1204 2239 1265 2262 est:
1293 2231 1344 2262 sed
1358 2233 1376 2262 a
1393 2231 1498 2262 Po'e'tis
1513 2239 1543 2262 et
1560 2237 1718 2273 pastorum
1734 2239 1766 2262 et

331 2275 523 2311 Judaeorum,
554 2287 623 2317 quae
652 2286 757 2307 mense
771 2276 893 2307 'l‘hrisri
915 2284 1031 2316 septem
1065 2285 1182 2306 naturae
1197 2274 1291 2305 totius
1305 2274 1380 2304 deus
1390 2274 1530 2315 fingitur.
1574 2275 1608 2303 In
1620 2274 1767 2310 Arcadia,

330 2317 453 2348 dierum
469 2318 567 2359 spatio
584 2318 717 2349 collectis
731 2318 873 2360 frugibus
884 2319 1031 2349 celebrari
1064 2318 1199 2348 maxime
1216 2317 1290 2347 veri)
1307 2317 1460 2359 in'Lyceo
1475 2324 1506 2347 et
1522 2316 1661 2348 Maenalo
1675 2326 1764 2346 mon-

328 2369 396 2390 mos
411 2368 492 2390 erut:
519 2372 580 2402 quo
595 2369 736 2403 tempore
752 2362 845 2392 servis
858 2361 949 2392 simul
961 2373 1030 2392 cum
1064 2360 1155 2398 tibus,
1170 2359 1336 2391 colebatur.

328 2402 433 2432 liberis
449 2403 565 2443 cpulari
583 2403 636 2434 suh
655 2405 806 2441 tentoriis,
827 2411 857 2435 et
872 2404 977 2435 feriari
995 2405 1030 2435 li·

328 2445 427 2477 cebat.
470 2447 520 2476 Ex
535 2448 674 2477 Levitico.

370 2492 399 2518 Ξ).
420 2489 588 2530 Capitolium
603 2490 665 2531 esan]
687 2491 754 2520 Arx
770 2491 879 2520 Romae
891 2489 1028 2520 munitis-

328 2530 405 2561 sima
420 2531 449 2560 in
460 2532 601 2562 Saturnio
613 2541 728 2567 monte,
739 2543 833 2573 quam
842 2533 1030 2574 Tarquinius

330 2573 486 2613 Superbus
501 2574 649 2611 condidit,
670 2576 717 2605 cui
740 2585 853 2605 nomen
867 2575 974 2605 datum
989 2575 1027 2605 ab

330 2616 462 2646 hominis
488 2617 587 2657 capite
602 2617 644 2648 ibi
658 2625 794 2659 reperto,
815 2618 889 2648 dum
918 2617 1026 2648 fundu-

328 2667 433 2688 menta
446 2659 628 2699 jacerentur.
670 2662 768 2691 Mons
779 2662 933 2702 Tarpeius
945 2659 1028 2701 prius

330 2701 437 2737 dictus,
451 2701 468 2732 :i
480 2702 615 2745 Tarpeia
628 2703 735 2735 vestali
746 2704 878 2746 virgine,
890 2713 958 2746 quae
968 2703 1026 2734 hoc

1105 2407 1132 2433 8.
1155 2401 1340 2444 Lupercum]
1376 2401 1552 2434 Sacerdotes
1566 2399 1657 2443 hujus
1671 2400 1764 2432 sacri-

1062 2445 1121 2477 i'icii
1140 2445 1274 2486 Luperci
1289 2444 1363 2475 dicti
1379 2452 1458 2475 sunt.

1105 2492 1132 2518 9.
1155 2487 1380 2530 Lupercalibus]
1422 2486 1496 2518 Alia
1520 2485 1571 2517 alii
1585 2485 1624 2516 de
1641 2487 1763 2527 Luper·

1061 2529 1176 2560 calibus
1191 2530 1316 2561 tradunt
1330 2533 1495 2561 Auctores.
1537 2527 1590 2558 Ab
1613 2529 1762 2563 Evandro

1060 2584 1098 2603 ex
1121 2571 1255 2603 Arcadia
1282 2573 1312 2603 in
1337 2572 1454 2603 ltaliam
1475 2571 1622 2602 translata
1650 2570 1761 2603 volunt

1059 2616 1238 2657 Dionysum,
1254 2615 1373 2652 Livius,
1386 2622 1416 2645 et
1431 2613 1623 2654 Plutarchus.
1667 2613 1762 2644 Vale-

1060 2659 1122 2688 rius
1139 2661 1222 2688 Max.
1244 2657 1382 2688 instituta
1396 2656 1533 2700 primum
1550 2657 1643 2687 tradit
1659 2656 1674 2687 Ξι
1692 2658 1758 2686 Ro-

1059 2701 1145 2733 mulo
1182 2709 1213 2732 et
1250 2702 1362 2740 Remo,
1401 2706 1529 2743 propter
1556 2698 1671 2732 factam
1699 2697 1757 2730 sibi
