1903 3076
100 201 151 234 38

103 282 199 314 AM.
211 282 303 312 3575.

105 324 156 356 Ol,
169 327 218 355 75.
231 328 261 354 ²2.

102 367 171 397 Urb
189 368 223 397 C.
236 371 306 398 274.

100 412 178 442 ΑΗΕ.
189 410 224 442 C.
233 412 306 442 477.

116 1246 296 1280 Athenienses

115 1291 208 1320 urbem
225 1301 270 1319 re·

116 1338 257 1363 staurant.

878 196 883 201 ”
901 188 1135 232 JUSTINI

316 270 411 322 fuit,
431 277 624 327 sequutus
643 277 725 311 est:
759 277 773 294 ¹
790 267 932 325 ibique
953 270 1143 325 praelium
1161 269 1443 311 commissum.
1495 269 1575 312 Sed
1593 270 1755 314 fortuna

318 329 425 385 regis
444 345 537 370 cum
558 330 661 369 duce
679 337 836 370 mutata
864 344 943 369 non
974 337 1049 370 est.
1109 328 1224 368 Nam
1244 327 1376 369 victus
1399 328 1654 379 Mardonius,
1683 344 1757 375 ve-

318 389 392 429 luti
415 403 466 427 ex
486 386 716 441 naufragio,
745 402 840 427 cum
859 386 1000 440 paucis
1038 391 1054 408 ²
1074 385 1270 440 profugit.
1331 388 1347 415 ³
1371 386 1513 427 Castra
1530 388 1678 428 referta
1693 401 1759 428 re-

318 445 423 504 galis
446 446 661 498 opulentiae
681 452 814 497 capta.
875 445 991 485 Unde
1010 443 1192 497 primurn
1212 440 1404 496 Graecos,
1434 443 1567 486 diviso
1587 444 1695 486 inter
1715 460 1760 486 se

319 519 417 546 auro
440 503 615 553 Persico,
645 502 884 543 divitiarum
903 501 1067 542 luxuria
1087 501 1210 554 cepit.
1269 502 1431 542 Eodem
1451 502 1555 543 forte
1573 502 1653 553 die,
1676 517 1759 558 quo

320 561 531 603 Mardonii
549 560 678 614 copiae
698 561 838 600 deletae
856 568 964 610 sunt,
979 559 1104 600 etiam
1127 558 1261 600 navali
1284 560 1425 613 praelio
1443 559 1485 599 in
1506 560 1624 611 Asia,
1655 568 1671 590 ⁴
1684 561 1760 602 sub

318 629 457 662 monte
492 619 676 673 Mycale,
698 617 891 659 adversus
913 618 1053 659 Persas
1074 616 1310 658 dimicatum
1330 626 1404 658 est.
1465 617 1531 659 Ibi
1550 627 1641 659 ante
1662 634 1761 659 con-

319 677 587 734 gressionem,
606 677 702 716 cum
725 677 870 717 classes
888 691 939 715 ex
962 678 1129 716 adverso
1151 684 1315 727 starent,
1335 676 1446 715 fama
1467 678 1517 716 ad
1537 685 1761 731 utrumque

320 735 547 776 exercitum
567 735 692 785 venit,
712 734 858 775 vicisse
879 734 1066 784 Graecos,
1096 742 1134 774 et
1155 732 1364 774 Mardonii
1385 733 1522 787 copias
1550 733 1763 776 occidione

320 793 532 835 occidisse.
593 793 770 833 Tantam
794 793 912 832 famae
933 791 1195 832 velocitatem
1215 791 1358 843 fuisse,
1374 800 1422 832 ut
1444 792 1541 832 cum
1561 792 1762 833 matutino

322 861 503 904 tempore
527 851 716 904 praelium
738 849 777 890 in
802 849 960 892 Boeotia
994 849 1261 890 commissum
1299 850 1362 899 sit,
1393 849 1626 891 meridianis
1655 849 1770 891 horis

322 910 366 952 in
388 909 552 959 Asiam,
582 923 654 962 per
689 917 744 950 tot
783 907 927 958 maria,
957 916 998 948 et
1031 917 1187 948 tantum
1219 907 1355 961 spatii,
1385 907 1470 948 tam
1498 907 1766 949 brevivhora-

323 983 416 1009 rum
438 976 660 1018 momento,
679 969 728 1007 de
745 965 914 1007 victoria
935 965 1164 1006 nuntiatum
1181 965 1246 1006 sit.

325 1028 374 1067 de
398 1025 577 1078 praemiis
597 1025 808 1065 civitatum
829 1032 1029 1078 ageretur,
1049 1023 1235 1064 omnium
1254 1022 1424 1077 judicio,
1446 1023 1769 1065 Atheniensium

325 1084 452 1125 virtus
492 1081 645 1124 caeteris
683 1083 863 1136 praelata.
927 1082 1036 1121 Inter
1073 1083 1194 1121 duces
1230 1096 1397 1136 quoque
1435 1087 1450 1112 ⁵
1468 1081 1772 1123 Themistocles

324 1142 528 1195 princeps,
557 1141 774 1182 civitatum
802 1139 1034 1181 testimonio
1059 1139 1278 1193 judicatus,
1308 1139 1485 1195 gloriam
1513 1140 1654 1193 patriae
1685 1154 1770 1182 suae

1306 966 1506 1006 Confecto
1525 966 1653 1018 bello,
1669 966 1768 1007 cum
1817 959 1829 1000 ¹>

325 1200 456 1241 auxit.

387 1257 517 1300 CAP.
541 1256 651 1298 XV.

711 1253 848 1312 Igitur
866 1254 1138 1298 Athenienses
1173 1255 1282 1297 aucti
1313 1263 1352 1297 et
1381 1253 1560 1310 praemiis
1579 1254 1696 1306 belli,
1727 1262 1770 1298 et

964 1430 1152 1463 NQTAE.

327 1555 419 1583 turae,
433 1552 464 1576 et
479 1546 584 1576 34500
598 1542 764 1582 sociorum,
777 1540 1031 1583 Thespiensifim-

327 1599 388 1630 que
406 1592 499 1626 1800,
523 1586 607 1629 quod
632 1589 666 1616 11
685 1585 841 1626 myriades
855 1582 960 1620 efficit,
973 1583 1031 1614 hoc

326 1640 372 1662 est
391 1635 530 1662 llOOOO:
557 1632 719 1660 Persarum
731 1628 807 1659 vero
822 1627 911 1668 ponit
925 1626 1033 1657 decem

328 1674 497 1715 myriades,
523 1672 582 1703 hoc
599 1679 644 1702 est
662 1675 796 1705 100000,
822 1678 854 1701 et
870 1671 1032 1700 Persarum

328 1720 372 1749 50
387 1715 554 1757 myriades,
568 1714 600 1744 id
615 1722 672 1752 est,
687 1717 822 1745 500000.

377 1763 403 1790 l.
424 1760 522 1800 Ibique
550 1756 706 1798 preditam]
757 1755 811 1786 Ad
841 1755 983 1793 Plataeas,
1003 1761 1034 1785 et

331 1805 475 1843 Asopum
491 1801 637 1838 fluvium,
657 1799 711 1840 qui
724 1797 919 1829 Thebai-:am
933 1797 1035 1839 regio-

330 1855 403 1876 nem
418 1843 436 1875 :i
453 1844 589 1875 Plataica
602 1841 722 1872 dividit.
1035 1857 1037 1859 ·

374 1892 405 1918 Q.
431 1885 592 1927 Prqfugit]
632 1885 718 1916 Dum
733 1891 842 1915 contra
856 1883 1036 1914 Pausaniam

317 1929 644 1960 «Lacedaemomorum
659 1926 783 1964 ducem,
797 1928 960 1958 Persarum
975 1924 1035 1955 for-

333 1971 459 2003 tissimis
487 1971 624 2010 stipatus,
663 1977 792 2010 pugnat,
826 1968 984 2004 occubuit,
1004 1981 1038 1998 ex

335 2016 446 2047 Herod.
460 2020 485 2043 et
501 2015 617 2043 Diodor.
661 2013 766 2051 Quare
790 2022 852 2042 non
867 2011 931 2052 ipse
946 2009 1040 2052 fugit,

334 2057 389 2087 sed
400 2056 528 2096 reliquae
543 2057 704 2085 Persarum
715 2053 960 2096 copiae,quarum
970 2063 1040 2093 pars

335 2100 415 2130 duce
427 2098 580 2129 Artabaso
590 2097 621 2127 in
632 2097 865 2134 Macedoniam,
874 2106 944 2137 pars
953 2095 1040 2126 The-

335 2142 390 2173 bas
405 2151 435 2171 se
457 2140 586 2181 recepit,
607 2150 677 2180 pars
691 2149 721 2169 se
738 2139 860 2170 inclusit
882 2139 913 2169 in
936 2138 1040 2169 castris

336 2195 429 2215 muro
446 2183 548 2225 ligneo
564 2182 780 2220 circumdati53
803 2181 915 2223 quibus
936 2189 1039 2212 tamen

337 2227 376 2257 ab
385 2224 626 2258 Atheniensibus
633 2231 664 2255 et
672 2224 914 2255 Lacedaemoniis
923 2234 1038 2264 expug-

337 2270 427 2305 natis,
442 2278 548 2298 omnes
563 2267 601 2298 ad
615 2278 712 2298 uuum
728 2267 820 2298 occisi
835 2274 913 2298 sunt.
935 2268 1021 2299 Diod·

383 2315 410 2341 3.
436 2312 540 2340 Castra
552 2310 684 2352 msatm]
701 2311 777 2340 Haec
790 2309 929 2350 pluribus
939 2309 1041 2339 Hero—

340 2354 406 2384 dot.
443 2353 616 2390 Pausanias,
632 2353 736 2393 coquis
746 2361 777 2382 et
789 2351 953 2393 pistoribus
969 2353 1041 2382 Per.

341 2397 380 2427 sis
392 2395 492 2437 jussit,
501 2402 534 2424 ut
547 2405 664 2425 coenam
675 2395 743 2433 sibi,
756 2396 801 2424 uti
811 2395 942 2425 solerent
954 2394 1044 2423 Mar-

341 2439 649 2474 doniojnstruerent:
663 2438 749 2478 quod
759 2437 830 2467 cum
840 2437 884 2468 illi
893 2436 1044 2472 fecissent,

341 2481 407 2521 ipse
423 2490 530 2511 aureos
545 2479 651 2516 lectos,
665 2490 785 2510 mensas
794 2490 911 2517 aureas,
923 2478 1043 2519 magni-

342 2524 500 2564 ficumque
510 2532 602 2553 coenae
613 2531 795 2564 apparatum
806 2522 944 2556 miratus,
954 2520 1043 2550 mini·

343 2566 413 2596 mis
427 2564 592 2606 imperavit
606 2565 676 2601 suis,
697 2573 730 2595 ut
748 2564 933 2596 Laconicam
955 2572 1043 2605 para-

344 2616 413 2639 rent
435 2617 576 2643 coenam3
594 2607 830 2648 convocatisque
859 2609 1042 2637 Graecorum

341 2650 482 2691 ducibus,
507 2651 618 2690 Videte,
638 2650 751 2693 inquit,
772 2652 921 2682 amentiam
938 2650 1041 2681 Μαΐο-

1069 1555 1132 1572 rum
1146 1543 1233 1582 ducis,
1246 1542 1296 1584 qui
1307 1540 1370 1573 ειὶηι
1384 1544 1466 1573 talem
1482 1543 1574 1574 vitam
1596 1544 1715 1579 duceret,
1737 1544 1780 1574 ad

1068 1597 1115 1615 nos
1128 1586 1286 1626 subigendos
1301 1587 1389 1624 venit,
1408 1587 1458 1628 qui
1471 1593 1529 1617 tam
1544 1586 1645 1618 misere
1655 1587 1773 1618 victita-

1069 1641 1140 1659 mus.
1184 1628 1305 1660 Herod.

1111 1675 1140 1701 4.
1163 1672 1220 1701 Sub
1232 1678 1322 1702 monte
1333 1672 1384 1702 M
1375 1671 1480 1714 ycale]
1502 1672 1600 1703 Mons
1613 1678 1659 1702 est
1670 1669 1777 1708 Ioniae,

1070 1713 1181 1755 pelago
1197 1713 1373 1753 imminens,
1400 1715 1440 1745 ad
1465 1725 1560 1756 quem
1574 1713 1776 1746 Leutichides

1073 1759 1180 1787 Persas
1193 1755 1315 1787 fortiter
1330 1756 1510 1789 dimicantes
1534 1756 1703 1799 superavit,
1725 1758 1776 1787 10-

1072 1798 1161 1830 nibus
1175 1799 1270 1829 etiam
1284 1806 1391 1830 contra
1406 1801 1514 1831 Persas
1527 1798 1748 1842 pugnantibus.

1114 1845 1143 1874 5.
1167 1843 1361 1873 Themistocles
1371 1842 1529 1885 princepsa]
1571 1842 1655 1873 Cflm
1671 1840 1775 1872 Graeci

1073 1895 1179 1916 omnes
1194 1885 1224 1915 in
1242 1883 1358 1916 Isthmo
1382 1884 1422 1915 ad
1443 1895 1530 1924 aram
1551 1882 1778 1920 convenissent,

1073 1927 1280 1969 unusquisque
1303 1927 1441 1969 primum
1470 1926 1622 1958 calculum
1639 1926 1776 1958 servavit

1072 1969 1142 2006 sibi,
1151 1971 1283 2001 alterum
1292 1970 1496 2001 Themistocli
1504 1969 1629 2000 tribuit:
1643 1968 1779 2009 csimque

1075 2012 1167 2053 paulo
1182 2013 1252 2054 post
1266 2013 1305 2044 ad
1319 2012 1572 2044 Lacedaemonios
1588 2012 1707 2053 legatus
1728 2011 1777 2043 lu·

1076 2055 1130 2085 dos
1153 2055 1334 2096 Olympicos
1361 2055 1507 2086 inviseret
1541 2053 1781 2091 Themistocles,

1077 2108 1182 2128 omnes
1197 2098 1276 2129 ludis
1298 2098 1424 2135 relictis,
1445 2097 1484 2128 ad
1512 2107 1585 2128 eum
1607 2097 1779 2128 videndum

1076 2151 1105 2171 se
1121 2148 1360 2178 converterunt;
1384 2140 1435 2171 sed
1450 2141 1499 2171 vir
1515 2147 1627 2174 tantus,
1649 2139 1700 2181 qui
1722 2149 1778 2180 pa-

1076 2183 1143 2213 triae
1158 2194 1221 2215 suae
1235 2183 1325 2214 saluti
1338 2183 1450 2219 fuerat,
1464 2182 1582 2213 civibus
1596 2181 1635 2212 ob
1647 2181 1780 2212 nimiam

1076 2226 1246 2268 potentiam
1261 2232 1427 2267 suspectus,
1438 2225 1574 2267 primum
1583 2227 1698 2266 Argos,
1709 2232 1780 2256 tum

1077 2268 1116 2299 ad
1130 2279 1236 2299 necem
1258 2269 1413 2310 quaesitus,
1426 2268 1456 2299 in
1473 2269 1655 2309 Corcyram,
1669 2266 1780 2298 deinde

1078 2312 1107 2342 in
1119 2311 1260 2352 Epirum,
1273 2319 1340 2352 post
1353 2311 1383 2342 in
1395 2311 1514 2347 Asiam,
1525 2309 1657 2351 denique
1669 2310 1708 2340 ad
1715 2311 1781 2341 Re-

1078 2365 1150 2395 gem
1166 2356 1372 2384 Artaxerxem
1401 2353 1492 2395 fugit,
1515 2352 1533 2383 εἰ
1561 2363 1624 2394 quo
1642 2351 1780 2394 benigne

1079 2396 1210 2432 habitus,
1226 2398 1391 2427 Persarum
1419 2394 1567 2426 exercitui
1583 2394 1775 2436 praeficitur-3

1080 2439 1130 2470 sed
1146 2449 1183 2469 nc
1199 2438 1317 2469 bellum
1339 2438 1514 2469 interferret
1542 2437 1665 2479 patriae,
1685 2445 1780 2478 epoto

1079 2482 1129 2512 vel
1143 2481 1265 2512 taurino
1280 2481 1437 2523 sanguine,
1464 2487 1499 2512 ut
1524 2479 1592 2510 vult
1615 2479 1783 2517 Diodorus,

1079 2532 1130 2555 aut
1159 2534 1291 2562 veneno,
1313 2532 1347 2555 ut
1369 2522 1490 2554 mavult
1513 2522 1703 2559 Herodotus,
1726 2533 1780 2553 seu

1079 2567 1181 2641 plotius
1193 2566 1315 2606 morbo,
1324 2576 1418 2598 anuos
1429 2572 1519 2599 natus
1529 2567 1582 2598 65.
1602 2565 1786 2608 Magnesia

1079 2621 1097 2642 0
1120 2617 1165 2642 ut·

1895 3063 1903 3071 ε
1894 3043 1896 3046 ·
1891 2991 1899 3028 ⁸⁷⁴
1886 2957 1903 2982 -2
