<?xml version="1.0" encoding="UTF-8"?>
<!DOCTYPE html PUBLIC "-//W3C//DTD XHTML 1.0 Transitional//EN"
    "http://www.w3.org/TR/xhtml1/DTD/xhtml1-transitional.dtd">
<html xmlns="http://www.w3.org/1999/xhtml" xml:lang="en" lang="en">
 <head>
  <title>
</title>
<meta http-equiv="Content-Type" content="text/html;charset=utf-8" />
  <meta name='ocr-system' content='tesseract 3.04.00' />
  <meta name='ocr-capabilities' content='ocr_page ocr_carea ocr_par ocr_line ocrx_word'/>
</head>
<body>
  <div class='ocr_page' id='page_1' title='image "./dehistoriisphili00just_0320.png"; bbox 0 0 1903 3076; ppageno 0'>
   <div class='ocr_carea' id='block_1_1' title="bbox 90 564 292 690">
    <p class='ocr_par' dir='ltr' id='par_1_1' title="bbox 90 564 292 690">
     <span class='ocr_line' id='line_1_1' title="bbox 94 564 250 594; baseline -0.013 0"><span class='ocrx_word' id='word_1_1' title='bbox 94 564 250 594; x_wconf 74' lang='lat' dir='ltr'><em>Antiochus</em></span> 
     </span>
     <span class='ocr_line' id='line_1_2' title="bbox 92 604 278 648; baseline -0.016 -11"><span class='ocrx_word' id='word_1_2' title='bbox 92 609 157 637; x_wconf 72' lang='lat' dir='ltr'><strong>Rex</strong></span> <span class='ocrx_word' id='word_1_3' title='bbox 174 604 278 648; x_wconf 61' lang='lat' dir='ltr'><strong>Syria}</strong></span> 
     </span>
     <span class='ocr_line' id='line_1_3' title="bbox 90 656 292 690; baseline -0.005 -11"><span class='ocrx_word' id='word_1_4' title='bbox 90 656 215 684; x_wconf 78' lang='lat' dir='ltr'><strong>creatur,</strong></span> <span class='ocrx_word' id='word_1_5' title='bbox 233 661 292 690; x_wconf 83' lang='lat' dir='ltr'><strong>quae</strong></span> 
     </span>
    </p>
   </div>
   <div class='ocr_carea' id='block_1_2' title="bbox 93 692 259 732">
    <p class='ocr_par' dir='ltr' id='par_1_2' title="bbox 93 692 259 732">
     <span class='ocr_line' id='line_1_4' title="bbox 93 692 259 732; baseline 0 -11"><span class='ocrx_word' id='word_1_6' title='bbox 93 692 111 721; x_wconf 64' lang='lat' dir='ltr'><strong>a*</strong></span> <span class='ocrx_word' id='word_1_7' title='bbox 127 693 259 732; x_wconf 70' lang='lat' dir='ltr'><strong>Pompeio</strong></span> 
     </span>
    </p>
   </div>
   <div class='ocr_carea' id='block_1_3' title="bbox 93 1134 707 1207">
    <p class='ocr_par' dir='ltr' id='par_1_3' title="bbox 93 1134 707 1207">
     <span class='ocr_line' id='line_1_5' title="bbox 93 1134 707 1207; baseline -0.002 -28"><span class='ocrx_word' id='word_1_8' title='bbox 93 1134 289 1207; x_wconf 40' lang='lat' dir='ltr'><strong>ssffissgfflqg·</strong></span> <span class='ocrx_word' id='word_1_9' title='bbox 303 1154 373 1179; x_wconf 82' lang='lat' dir='ltr'><strong>non</strong></span> <span class='ocrx_word' id='word_1_10' title='bbox 393 1141 576 1179; x_wconf 72' lang='lat' dir='ltr'><strong>ademerzt</strong></span> <span class='ocrx_word' id='word_1_11' title='bbox 591 1155 604 1188; x_wconf 78' lang='lat'>5</span> <span class='ocrx_word' id='word_1_12' title='bbox 634 1138 707 1189; x_wconf 82' lang='lat' dir='ltr'><strong>ita,</strong></span> 
     </span>
    </p>
   </div>
   <div class='ocr_carea' id='block_1_4' title="bbox 94 1257 454 1297">
    <p class='ocr_par' dir='ltr' id='par_1_4' title="bbox 94 1257 454 1297">
     <span class='ocr_line' id='line_1_6' title="bbox 94 1257 454 1297; baseline 0.011 -6"><span class='ocrx_word' id='word_1_13' title='bbox 94 1264 171 1297; x_wconf 56' lang='lat' dir='ltr'><strong>Ant.</strong></span> <span class='ocrx_word' id='word_1_14' title='bbox 179 1263 269 1294; x_wconf 60' lang='lat' dir='ltr'><strong>CM.</strong></span> <span class='ocrx_word' id='word_1_15' title='bbox 302 1257 454 1296; x_wconf 74' lang='lat' dir='ltr'><strong>reddat.</strong></span> 
     </span>
    </p>
   </div>
   <div class='ocr_carea' id='block_1_5' title="bbox 902 185 1136 230">
    <p class='ocr_par' dir='ltr' id='par_1_5' title="bbox 902 185 1136 230">
     <span class='ocr_line' id='line_1_7' title="bbox 902 185 1136 230; baseline 0 -2"><span class='ocrx_word' id='word_1_16' title='bbox 902 187 925 228; x_wconf 88' lang='lat' dir='ltr'>J</span> <span class='ocrx_word' id='word_1_17' title='bbox 929 185 1136 230; x_wconf 90' lang='lat' dir='ltr'>USTINI</span> 
     </span>
    </p>
   </div>
   <div class='ocr_carea' id='block_1_6' title="bbox 302 265 1013 377">
    <p class='ocr_par' dir='ltr' id='par_1_6' title="bbox 302 265 1013 377">
     <span class='ocr_line' id='line_1_8' title="bbox 302 265 1012 319; baseline -0.001 -9"><span class='ocrx_word' id='word_1_18' title='bbox 302 268 512 311; x_wconf 59' lang='lat' dir='ltr'><strong>Armenia</strong></span> <span class='ocrx_word' id='word_1_19' title='bbox 544 267 798 319; x_wconf 64' lang='lat' dir='ltr'><strong>consensere,</strong></span> <span class='ocrx_word' id='word_1_20' title='bbox 841 265 1012 309; x_wconf 84' lang='lat' dir='ltr'><strong>instruct</strong></span> 
     </span>
     <span class='ocr_line' id='line_1_9' title="bbox 302 325 1013 377; baseline -0.004 -9"><span class='ocrx_word' id='word_1_21' title='bbox 302 327 491 368; x_wconf 59' lang='lat' dir='ltr'><strong>Parthica</strong></span> <span class='ocrx_word' id='word_1_22' title='bbox 512 326 715 377; x_wconf 81' lang='lat' dir='ltr'><strong>societate,</strong></span> <span class='ocrx_word' id='word_1_23' title='bbox 741 334 782 366; x_wconf 88' lang='lat' dir='ltr'><strong>et</strong></span> <span class='ocrx_word' id='word_1_24' title='bbox 803 331 815 349; x_wconf 86' lang='lat'><em>¹</em></span> <span class='ocrx_word' id='word_1_25' title='bbox 834 325 1013 366; x_wconf 82' lang='lat' dir='ltr'><strong>Mithrid</strong></span> 
     </span>
    </p>
   </div>
   <div class='ocr_carea' id='block_1_7' title="bbox 1016 257 1754 381">
    <p class='ocr_par' dir='ltr' id='par_1_7' title="bbox 1016 257 1754 381">
     <span class='ocr_line' id='line_1_10' title="bbox 1016 257 1754 321; baseline 0 -13"><span class='ocrx_word' id='word_1_26' title='bbox 1016 283 1086 308; x_wconf 90' lang='lat' dir='ltr'><strong>um</strong></span> <span class='ocrx_word' id='word_1_27' title='bbox 1116 275 1260 321; x_wconf 83' lang='lat' dir='ltr'><strong>praeter</strong></span> <span class='ocrx_word' id='word_1_28' title='bbox 1289 266 1530 308; x_wconf 81' lang='lat' dir='ltr'><strong>domesticas</strong></span> <span class='ocrx_word' id='word_1_29' title='bbox 1557 257 1686 317; x_wconf 81' lang='lat' dir='ltr'><strong>vires,</strong></span> <span class='ocrx_word' id='word_1_30' title='bbox 1715 277 1754 308; x_wconf 85' lang='lat' dir='ltr'><strong>et</strong></span> 
     </span>
     <span class='ocr_line' id='line_1_11' title="bbox 1017 325 1754 381; baseline 0.003 -16"><span class='ocrx_word' id='word_1_31' title='bbox 1017 326 1090 365; x_wconf 86' lang='lat' dir='ltr'><strong>atis</strong></span> <span class='ocrx_word' id='word_1_32' title='bbox 1112 326 1317 367; x_wconf 80' lang='lat' dir='ltr'><strong>affinitate.</strong></span> <span class='ocrx_word' id='word_1_33' title='bbox 1377 326 1508 381; x_wconf 85' lang='lat' dir='ltr'>Igitur</span> <span class='ocrx_word' id='word_1_34' title='bbox 1528 325 1682 366; x_wconf 78' lang='lat' dir='ltr'><strong>accitus</strong></span> <span class='ocrx_word' id='word_1_35' title='bbox 1710 326 1754 367; x_wconf 87' lang='lat' dir='ltr'><strong>in</strong></span> 
     </span>
    </p>
   </div>
   <div class='ocr_carea' id='block_1_8' title="bbox 300 382 1754 498">
    <p class='ocr_par' dir='ltr' id='par_1_8' title="bbox 300 382 1754 498">
     <span class='ocr_line' id='line_1_12' title="bbox 300 382 1754 440; baseline 0 -15"><span class='ocrx_word' id='word_1_36' title='bbox 300 400 473 440; x_wconf 84' lang='lat' dir='ltr'><strong>regnum</strong></span> <span class='ocrx_word' id='word_1_37' title='bbox 495 383 638 438; x_wconf 73' lang='lat' dir='ltr'><strong>Syriae,</strong></span> <span class='ocrx_word' id='word_1_38' title='bbox 669 398 741 437; x_wconf 87' lang='lat' dir='ltr'><strong>per</strong></span> <span class='ocrx_word' id='word_1_39' title='bbox 761 395 874 424; x_wconf 84' lang='lat' dir='ltr'>xv111</span> <span class='ocrx_word' id='word_1_40' title='bbox 897 398 1022 425; x_wconf 85' lang='lat' dir='ltr'><strong>annos</strong></span> <span class='ocrx_word' id='word_1_41' title='bbox 1048 382 1416 438; x_wconf 84' lang='lat' dir='ltr'><strong>²tranquillissimo</strong></span> <span class='ocrx_word' id='word_1_42' title='bbox 1451 399 1576 439; x_wconf 87' lang='lat' dir='ltr'><strong>regno</strong></span> <span class='ocrx_word' id='word_1_43' title='bbox 1599 383 1754 436; x_wconf 82' lang='lat' dir='ltr'><strong>potitus</strong></span> 
     </span>
     <span class='ocr_line' id='line_1_13' title="bbox 302 441 1753 498; baseline 0.001 -16"><span class='ocrx_word' id='word_1_44' title='bbox 302 453 380 484; x_wconf 86' lang='lat' dir='ltr'><strong>est:</strong></span> <span class='ocrx_word' id='word_1_45' title='bbox 401 457 530 498; x_wconf 87' lang='lat' dir='ltr'><strong>neque</strong></span> <span class='ocrx_word' id='word_1_46' title='bbox 546 442 657 482; x_wconf 90' lang='lat' dir='ltr'><strong>bello</strong></span> <span class='ocrx_word' id='word_1_47' title='bbox 674 441 801 482; x_wconf 84' lang='lat' dir='ltr'><strong>alium</strong></span> <span class='ocrx_word' id='word_1_48' title='bbox 817 442 1027 492; x_wconf 79' lang='lat' dir='ltr'><strong>lacessere,</strong></span> <span class='ocrx_word' id='word_1_49' title='bbox 1041 456 1172 495; x_wconf 86' lang='lat' dir='ltr'><strong>neque</strong></span> <span class='ocrx_word' id='word_1_50' title='bbox 1189 441 1397 483; x_wconf 87' lang='lat' dir='ltr'><strong>lacessitus</strong></span> <span class='ocrx_word' id='word_1_51' title='bbox 1412 442 1560 483; x_wconf 87' lang='lat' dir='ltr'><strong>inferre</strong></span> <span class='ocrx_word' id='word_1_52' title='bbox 1577 441 1648 482; x_wconf 84' lang='lat' dir='ltr'><strong>alii</strong></span> <span class='ocrx_word' id='word_1_53' title='bbox 1665 442 1753 483; x_wconf 81' lang='lat' dir='ltr'><strong>bel-</strong></span> 
     </span>
    </p>
   </div>
   <div class='ocr_carea' id='block_1_9' title="bbox 302 499 750 542">
    <p class='ocr_par' dir='ltr' id='par_1_9' title="bbox 302 499 750 542">
     <span class='ocr_line' id='line_1_14' title="bbox 302 499 750 542; baseline -0.002 -2"><span class='ocrx_word' id='word_1_54' title='bbox 302 502 390 542; x_wconf 88' lang='lat' dir='ltr'><strong>lum</strong></span> <span class='ocrx_word' id='word_1_55' title='bbox 410 515 570 540; x_wconf 88' lang='lat' dir='ltr'><strong>necesse</strong></span> <span class='ocrx_word' id='word_1_56' title='bbox 589 499 750 540; x_wconf 82' lang='lat' dir='ltr'><strong>habuit.</strong></span> 
     </span>
    </p>
   </div>
   <div class='ocr_carea' id='block_1_10' title="bbox 304 556 1754 670">
    <p class='ocr_par' dir='ltr' id='par_1_10' title="bbox 304 556 1754 670">
     <span class='ocr_line' id='line_1_15' title="bbox 363 556 1754 612; baseline -0.001 -13"><span class='ocrx_word' id='word_1_57' title='bbox 363 559 495 599; x_wconf 83' lang='lat' dir='ltr'><strong>CAP.</strong></span> <span class='ocrx_word' id='word_1_58' title='bbox 518 558 578 598; x_wconf 91' lang='lat' dir='ltr'><strong>II.</strong></span> <span class='ocrx_word' id='word_1_59' title='bbox 611 559 689 598; x_wconf 88' lang='lat' dir='ltr'><strong>Sed</strong></span> <span class='ocrx_word' id='word_1_60' title='bbox 703 557 808 598; x_wconf 86' lang='lat' dir='ltr'><strong>sicut</strong></span> <span class='ocrx_word' id='word_1_61' title='bbox 828 557 878 596; x_wconf 88' lang='lat' dir='ltr'><strong>ab</strong></span> <span class='ocrx_word' id='word_1_62' title='bbox 898 556 1082 598; x_wconf 82' lang='lat' dir='ltr'>hostibus</span> <span class='ocrx_word' id='word_1_63' title='bbox 1102 566 1186 597; x_wconf 84' lang='lat' dir='ltr'><strong>tuta</strong></span> <span class='ocrx_word' id='word_1_64' title='bbox 1209 557 1327 612; x_wconf 86' lang='lat' dir='ltr'><strong>Syria</strong></span> <span class='ocrx_word' id='word_1_65' title='bbox 1343 557 1437 608; x_wconf 79' lang='lat' dir='ltr'><strong>fuit,</strong></span> <span class='ocrx_word' id='word_1_66' title='bbox 1455 558 1510 600; x_wconf 87' lang='lat' dir='ltr'><strong>ita</strong></span> <span class='ocrx_word' id='word_1_67' title='bbox 1530 567 1647 600; x_wconf 82' lang='lat' dir='ltr'><strong>terrae</strong></span> <span class='ocrx_word' id='word_1_68' title='bbox 1663 572 1754 598; x_wconf 88' lang='lat' dir='ltr'><strong>mo-</strong></span> 
     </span>
     <span class='ocr_line' id='line_1_16' title="bbox 304 614 1754 670; baseline 0 -14"><span class='ocrx_word' id='word_1_69' title='bbox 304 625 345 656; x_wconf 90' lang='lat' dir='ltr'><strong>tu</strong></span> <span class='ocrx_word' id='word_1_70' title='bbox 358 625 513 657; x_wconf 82' lang='lat' dir='ltr'><strong>vastata</strong></span> <span class='ocrx_word' id='word_1_71' title='bbox 529 624 606 664; x_wconf 84' lang='lat' dir='ltr'><strong>est,</strong></span> <span class='ocrx_word' id='word_1_72' title='bbox 620 631 702 670; x_wconf 92' lang='lat' dir='ltr'><strong>quo</strong></span> <span class='ocrx_word' id='word_1_73' title='bbox 716 624 878 656; x_wconf 87' lang='lat' dir='ltr'><strong>centum</strong></span> <span class='ocrx_word' id='word_1_74' title='bbox 894 614 1149 670; x_wconf 79' lang='lat' dir='ltr'><strong>septuaginta</strong></span> <span class='ocrx_word' id='word_1_75' title='bbox 1166 615 1299 656; x_wconf 83' lang='lat' dir='ltr'><strong>millia</strong></span> <span class='ocrx_word' id='word_1_76' title='bbox 1315 615 1543 667; x_wconf 88' lang='lat' dir='ltr'><strong>hominurn,</strong></span> <span class='ocrx_word' id='word_1_77' title='bbox 1558 627 1597 657; x_wconf 88' lang='lat' dir='ltr'><strong>et</strong></span> <span class='ocrx_word' id='word_1_78' title='bbox 1612 616 1754 656; x_wconf 78' lang='lat' dir='ltr'><strong>multae</strong></span> 
     </span>
    </p>
   </div>
   <div class='ocr_carea' id='block_1_11' title="bbox 304 673 663 728">
    <p class='ocr_par' dir='ltr' id='par_1_11' title="bbox 304 673 663 728">
     <span class='ocr_line' id='line_1_17' title="bbox 304 673 663 728; baseline -0.003 -14"><span class='ocrx_word' id='word_1_79' title='bbox 304 676 425 715; x_wconf 86' lang='lat' dir='ltr'><strong>urbes</strong></span> <span class='ocrx_word' id='word_1_80' title='bbox 443 673 554 728; x_wconf 68' lang='lat' dir='ltr'><strong>petie</strong></span> <span class='ocrx_word' id='word_1_81' title='bbox 561 684 663 714; x_wconf 86' lang='lat' dir='ltr'><strong>runt.</strong></span> 
     </span>
    </p>
   </div>
   <div class='ocr_carea' id='block_1_12' title="bbox 304 788 1011 846">
    <p class='ocr_par' dir='ltr' id='par_1_12' title="bbox 304 788 1011 846">
     <span class='ocr_line' id='line_1_18' title="bbox 304 788 1011 846; baseline -0.003 -16"><span class='ocrx_word' id='word_1_82' title='bbox 304 804 376 831; x_wconf 86' lang='lat' dir='ltr'><strong>rex</strong></span> <span class='ocrx_word' id='word_1_83' title='bbox 398 790 526 846; x_wconf 69' lang='lat' dir='ltr'><strong>Syriae</strong></span> <span class='ocrx_word' id='word_1_84' title='bbox 546 789 790 838; x_wconf 81' lang='lat' dir='ltr'><strong>Antiochus,</strong></span> <span class='ocrx_word' id='word_1_85' title='bbox 810 788 1011 843; x_wconf 83' lang='lat' dir='ltr'><strong>Cyziceni</strong></span> 
     </span>
    </p>
   </div>
   <div class='ocr_carea' id='block_1_13' title="bbox 725 673 1753 729">
    <p class='ocr_par' dir='ltr' id='par_1_13' title="bbox 725 673 1753 729">
     <span class='ocr_line' id='line_1_19' title="bbox 725 673 1753 729; baseline 0.001 -16"><span class='ocrx_word' id='word_1_86' title='bbox 725 675 844 729; x_wconf 68' lang='lat' dir='ltr'><strong>Quod</strong></span> <span class='ocrx_word' id='word_1_87' title='bbox 866 673 1100 728; x_wconf 83' lang='lat' dir='ltr'><strong>prodigium</strong></span> <span class='ocrx_word' id='word_1_88' title='bbox 1138 674 1403 714; x_wconf 77' lang='lat' dir='ltr'><strong>mutationem</strong></span> <span class='ocrx_word' id='word_1_89' title='bbox 1433 689 1568 715; x_wconf 84' lang='lat' dir='ltr'><strong>rerum</strong></span> <span class='ocrx_word' id='word_1_90' title='bbox 1589 683 1753 728; x_wconf 88' lang='lat' dir='ltr'><strong>porten-</strong></span> 
     </span>
    </p>
   </div>
   <div class='ocr_carea' id='block_1_14' title="bbox 83 731 951 816">
    <p class='ocr_par' dir='ltr' id='par_1_14' title="bbox 83 731 951 816">
     <span class='ocr_line' id='line_1_20' title="bbox 83 731 951 816; baseline -0.003 -41"><span class='ocrx_word' id='word_1_91' title='bbox 83 736 290 816; x_wconf 54' lang='lat' dir='ltr'><strong>Jupmvinfiae</strong></span> <span class='ocrx_word' id='word_1_92' title='bbox 303 735 396 773; x_wconf 88' lang='lat' dir='ltr'><strong>dere</strong></span> <span class='ocrx_word' id='word_1_93' title='bbox 414 732 617 785; x_wconf 82' lang='lat' dir='ltr'><strong>aruspices</strong></span> <span class='ocrx_word' id='word_1_94' title='bbox 640 731 951 785; x_wconf 68' lang='lat' dir='ltr'><strong>responderunt.</strong></span> 
     </span>
     <span class='ocr_line' id='line_1_21' title="bbox 110 789 275 807; baseline 0 -1"><span class='ocrx_word' id='word_1_95' title='bbox 110 789 214 806; x_wconf 70' lang='lat' dir='ltr'><strong>ormam</strong></span> <span class='ocrx_word' id='word_1_96' title='bbox 231 790 275 807; x_wconf 69' lang='grc' dir='ltr'><strong>ΤΕ·</strong></span> 
     </span>
    </p>
   </div>
   <div class='ocr_carea' id='block_1_15' title="bbox 90 822 460 1024">
    <p class='ocr_par' dir='ltr' id='par_1_15' title="bbox 90 822 460 1024">
     <span class='ocr_line' id='line_1_22' title="bbox 90 822 209 859; baseline -0.017 -9"><span class='ocrx_word' id='word_1_97' title='bbox 90 822 209 859; x_wconf 47' lang='lat' dir='ltr'><strong>digitur.</strong></span> 
     </span>
     <span class='ocr_line' id='line_1_23' title="bbox 92 850 424 895; baseline -0.015 -2"><span class='ocrx_word' id='word_1_98' title='bbox 92 865 188 893; x_wconf 58' lang='lat' dir='ltr'><strong>AM.</strong></span> <span class='ocrx_word' id='word_1_99' title='bbox 198 865 291 895; x_wconf 73' lang='lat'>3984.</span> <span class='ocrx_word' id='word_1_100' title='bbox 303 850 424 890; x_wconf 80' lang='lat' dir='ltr'><strong>latur.</strong></span> 
     </span>
     <span class='ocr_line' id='line_1_24' title="bbox 93 905 319 938; baseline -0.022 -1"><span class='ocrx_word' id='word_1_101' title='bbox 93 905 148 937; x_wconf 84' lang='lat' dir='ltr'><strong>Ol.</strong></span> <span class='ocrx_word' id='word_1_102' title='bbox 167 909 235 938; x_wconf 79' lang='grc'>177.</span> <span class='ocrx_word' id='word_1_103' title='bbox 250 909 277 935; x_wconf 79' lang='grc'><strong>3.</strong></span> <span class='ocrx_word' id='word_1_104' title='bbox 305 914 319 932; x_wconf 83' lang='lat' dir='ltr'><strong>a</strong></span> 
     </span>
     <span class='ocr_line' id='line_1_25' title="bbox 95 949 327 986; baseline -0.009 -7"><span class='ocrx_word' id='word_1_105' title='bbox 95 949 290 979; x_wconf 74' lang='lat' dir='ltr'><strong>Urb.C.68:3.</strong></span> <span class='ocrx_word' id='word_1_106' title='bbox 318 981 327 986; x_wconf 38' lang='grc' dir='ltr'>Α</span> 
     </span>
     <span class='ocr_line' id='line_1_26' title="bbox 94 980 460 1024; baseline -0.008 -17"><span class='ocrx_word' id='word_1_107' title='bbox 94 993 209 1024; x_wconf 50' lang='grc' dir='ltr'><strong>ΑΜΕ.</strong></span> <span class='ocrx_word' id='word_1_108' title='bbox 223 996 273 1023; x_wconf 48' lang='grc'><strong>68·</strong></span> <span class='ocrx_word' id='word_1_109' title='bbox 305 980 460 1005; x_wconf 66' lang='lat' dir='ltr'><strong>recusan</strong></span> 
     </span>
    </p>
   </div>
   <div class='ocr_carea' id='block_1_16' title="bbox 1019 731 1754 844">
    <p class='ocr_par' dir='ltr' id='par_1_16' title="bbox 1019 731 1754 844">
     <span class='ocr_line' id='line_1_27' title="bbox 1019 731 1754 786; baseline 0.001 -15"><span class='ocrx_word' id='word_1_110' title='bbox 1019 731 1152 784; x_wconf 82' lang='lat' dir='ltr'><strong>Igitur</strong></span> <span class='ocrx_word' id='word_1_111' title='bbox 1174 736 1188 761; x_wconf 83' lang='lat'><strong>³</strong></span> <span class='ocrx_word' id='word_1_112' title='bbox 1204 731 1258 771; x_wconf 83' lang='lat' dir='ltr'><strong>Ti</strong></span> <span class='ocrx_word' id='word_1_113' title='bbox 1264 746 1384 786; x_wconf 86' lang='lat' dir='ltr'><strong>grane</strong></span> <span class='ocrx_word' id='word_1_114' title='bbox 1399 731 1422 771; x_wconf 75' lang='grc' dir='ltr'>ὲ</span> <span class='ocrx_word' id='word_1_115' title='bbox 1436 732 1612 772; x_wconf 84' lang='lat' dir='ltr'><strong>Lucullo</strong></span> <span class='ocrx_word' id='word_1_116' title='bbox 1627 731 1754 783; x_wconf 81' lang='lat' dir='ltr'><strong>victo,</strong></span> 
     </span>
     <span class='ocr_line' id='line_1_28' title="bbox 1031 788 1754 844; baseline 0.001 -15"><span class='ocrx_word' id='word_1_117' title='bbox 1031 788 1154 840; x_wconf 87' lang='lat' dir='ltr'><strong>filius,</strong></span> <span class='ocrx_word' id='word_1_118' title='bbox 1185 790 1235 829; x_wconf 81' lang='lat' dir='ltr'><strong>ab</strong></span> <span class='ocrx_word' id='word_1_119' title='bbox 1258 792 1401 829; x_wconf 89' lang='lat' dir='ltr'><strong>eodem</strong></span> <span class='ocrx_word' id='word_1_120' title='bbox 1423 790 1597 829; x_wconf 88' lang='lat' dir='ltr'><strong>Lucullo</strong></span> <span class='ocrx_word' id='word_1_121' title='bbox 1612 791 1754 844; x_wconf 85' lang='lat' dir='ltr'><strong>appel-</strong></span> 
     </span>
    </p>
   </div>
   <div class='ocr_carea' id='block_1_17' title="bbox 334 846 1757 1018">
    <p class='ocr_par' dir='ltr' id='par_1_17' title="bbox 334 846 1757 1018">
     <span class='ocr_line' id='line_1_29' title="bbox 487 846 1752 902; baseline 0.001 -15"><span class='ocrx_word' id='word_1_122' title='bbox 487 849 564 888; x_wconf 85' lang='lat' dir='ltr'><strong>Sed</strong></span> <span class='ocrx_word' id='word_1_123' title='bbox 584 850 694 902; x_wconf 89' lang='lat' dir='ltr'><strong>quod</strong></span> <span class='ocrx_word' id='word_1_124' title='bbox 716 847 912 888; x_wconf 80' lang='lat' dir='ltr'><strong>Lucullus</strong></span> <span class='ocrx_word' id='word_1_125' title='bbox 934 848 1109 898; x_wconf 82' lang='lat' dir='ltr'><strong>dederat,</strong></span> <span class='ocrx_word' id='word_1_126' title='bbox 1132 848 1271 900; x_wconf 61' lang='lat' dir='ltr'><strong>postea</strong></span> <span class='ocrx_word' id='word_1_127' title='bbox 1300 852 1315 873; x_wconf 81' lang='lat'>⁴</span> <span class='ocrx_word' id='word_1_128' title='bbox 1332 846 1484 888; x_wconf 82' lang='lat' dir='ltr'><strong>ademit</strong></span> <span class='ocrx_word' id='word_1_129' title='bbox 1504 847 1724 902; x_wconf 88' lang='lat' dir='ltr'><strong>Pompeius</strong></span> <span class='ocrx_word' id='word_1_130' title='bbox 1743 864 1752 888; x_wconf 91' lang='lat'>:</span> 
     </span>
     <span class='ocr_line' id='line_1_30' title="bbox 334 905 1754 962; baseline -0.001 -16"><span class='ocrx_word' id='word_1_131' title='bbox 334 924 360 962; x_wconf 76' lang='lat' dir='ltr'>q</span> <span class='ocrx_word' id='word_1_132' title='bbox 365 906 406 946; x_wconf 91' lang='lat' dir='ltr'><strong>ui</strong></span> <span class='ocrx_word' id='word_1_133' title='bbox 429 906 609 960; x_wconf 85' lang='lat' dir='ltr'><strong>poscenti</strong></span> <span class='ocrx_word' id='word_1_134' title='bbox 631 921 802 961; x_wconf 82' lang='lat' dir='ltr'><strong>regnum</strong></span> <span class='ocrx_word' id='word_1_135' title='bbox 831 905 1054 958; x_wconf 84' lang='lat' dir='ltr'><strong>respondit,</strong></span> <span class='ocrx_word' id='word_1_136' title='bbox 1081 921 1125 946; x_wconf 81' lang='lat' dir='ltr'><strong>ne</strong></span> <span class='ocrx_word' id='word_1_137' title='bbox 1144 906 1286 946; x_wconf 80' lang='lat' dir='ltr'><strong>volenti</strong></span> <span class='ocrx_word' id='word_1_138' title='bbox 1300 906 1444 960; x_wconf 81' lang='lat' dir='ltr'><strong>quidem</strong></span> <span class='ocrx_word' id='word_1_139' title='bbox 1465 907 1497 945; x_wconf 90' lang='lat' dir='ltr'><em>S</em></span> <span class='ocrx_word' id='word_1_140' title='bbox 1487 906 1607 962; x_wconf 81' lang='lat' dir='ltr'><strong>yriae,</strong></span> <span class='ocrx_word' id='word_1_141' title='bbox 1625 907 1754 946; x_wconf 83' lang='lat' dir='ltr'><strong>nedum</strong></span> 
     </span>
     <span class='ocr_line' id='line_1_31' title="bbox 463 963 1757 1018; baseline -0.001 -14"><span class='ocrx_word' id='word_1_142' title='bbox 463 964 508 1013; x_wconf 83' lang='lat' dir='ltr'><strong>ti,</strong></span> <span class='ocrx_word' id='word_1_143' title='bbox 553 966 736 1004; x_wconf 66' lang='lat' dir='ltr'><strong>datm-am</strong></span> <span class='ocrx_word' id='word_1_144' title='bbox 765 979 801 1002; x_wconf 79' lang='lat' dir='ltr'><strong>se</strong></span> <span class='ocrx_word' id='word_1_145' title='bbox 829 979 967 1017; x_wconf 80' lang='lat' dir='ltr'><strong>regem,</strong></span> <span class='ocrx_word' id='word_1_146' title='bbox 995 965 1063 1017; x_wconf 81' lang='lat' dir='ltr'><strong>qui</strong></span> <span class='ocrx_word' id='word_1_147' title='bbox 1091 976 1206 1004; x_wconf 85' lang='lat' dir='ltr'>xv111</span> <span class='ocrx_word' id='word_1_148' title='bbox 1243 979 1374 1014; x_wconf 76' lang='lat' dir='ltr'><strong>annos,</strong></span> <span class='ocrx_word' id='word_1_149' title='bbox 1402 963 1534 1018; x_wconf 81' lang='lat' dir='ltr'><strong>quibus</strong></span> <span class='ocrx_word' id='word_1_150' title='bbox 1570 963 1757 1017; x_wconf 48' lang='lat' dir='ltr'><strong>Tngranes</strong></span> 
     </span>
    </p>
   </div>
   <div class='ocr_carea' id='block_1_18' title="bbox 304 1021 1756 1142">
    <p class='ocr_par' dir='ltr' id='par_1_18' title="bbox 304 1021 1756 1142">
     <span class='ocr_line' id='line_1_32' title="bbox 305 1021 1755 1079; baseline 0 -17"><span class='ocrx_word' id='word_1_151' title='bbox 305 1023 462 1079; x_wconf 81' lang='lat' dir='ltr'><em>Syriam</em></span> <span class='ocrx_word' id='word_1_152' title='bbox 483 1021 614 1070; x_wconf 80' lang='lat' dir='ltr'><strong>tenuit,</strong></span> <span class='ocrx_word' id='word_1_153' title='bbox 628 1022 666 1062; x_wconf 83' lang='lat' dir='ltr'><strong>in</strong></span> <span class='ocrx_word' id='word_1_154' title='bbox 677 1023 816 1076; x_wconf 76' lang='lat' dir='ltr'><strong>angulo</strong></span> <span class='ocrx_word' id='word_1_155' title='bbox 836 1021 984 1063; x_wconf 80' lang='lat' dir='ltr'><strong>Ciliciae</strong></span> <span class='ocrx_word' id='word_1_156' title='bbox 998 1022 1155 1063; x_wconf 81' lang='lat' dir='ltr'><strong>latuerit</strong></span> <span class='ocrx_word' id='word_1_157' title='bbox 1166 1037 1178 1061; x_wconf 90' lang='grc'><strong>.·</strong></span> <span class='ocrx_word' id='word_1_158' title='bbox 1200 1021 1301 1062; x_wconf 84' lang='lat' dir='ltr'><strong>victo</strong></span> <span class='ocrx_word' id='word_1_159' title='bbox 1317 1032 1439 1062; x_wconf 80' lang='lat' dir='ltr'><strong>autem</strong></span> <span class='ocrx_word' id='word_1_160' title='bbox 1451 1023 1570 1062; x_wconf 80' lang='lat' dir='ltr'><strong>eodem</strong></span> <span class='ocrx_word' id='word_1_161' title='bbox 1588 1021 1755 1075; x_wconf 59' lang='lat' dir='ltr'><strong>ngrane</strong></span> 
     </span>
     <span class='ocr_line' id='line_1_33' title="bbox 304 1079 1756 1142; baseline -0.001 -21"><span class='ocrx_word' id='word_1_162' title='bbox 304 1082 330 1121; x_wconf 77' lang='grc' dir='ltr'><em>ἁ</em></span> <span class='ocrx_word' id='word_1_163' title='bbox 353 1081 553 1142; x_wconf 32' lang='lat' dir='ltr'><strong>Romanisz</strong></span> <span class='ocrx_word' id='word_1_164' title='bbox 561 1080 679 1120; x_wconf 74' lang='lat' dir='ltr'><strong>alieni</strong></span> <span class='ocrx_word' id='word_1_165' title='bbox 691 1079 811 1136; x_wconf 78' lang='lat' dir='ltr'><strong>operis</strong></span> <span class='ocrx_word' id='word_1_166' title='bbox 821 1080 988 1136; x_wconf 57' lang='lat' dir='ltr'><strong>praemia</strong></span> <span class='ocrx_word' id='word_1_167' title='bbox 998 1081 1182 1136; x_wconf 81' lang='lat' dir='ltr'><strong>postulet.</strong></span> <span class='ocrx_word' id='word_1_168' title='bbox 1228 1079 1364 1134; x_wconf 77' lang='lat' dir='ltr'><strong>Igitur</strong></span> <span class='ocrx_word' id='word_1_169' title='bbox 1380 1089 1422 1120; x_wconf 80' lang='lat' dir='ltr'><strong>ut</strong></span> <span class='ocrx_word' id='word_1_170' title='bbox 1436 1079 1593 1122; x_wconf 83' lang='lat' dir='ltr'><strong>habenti</strong></span> <span class='ocrx_word' id='word_1_171' title='bbox 1603 1094 1756 1134; x_wconf 84' lang='lat' dir='ltr'><strong>regnum</strong></span> 
     </span>
    </p>
   </div>
   <div class='ocr_carea' id='block_1_19' title="bbox 300 1312 991 1427">
    <p class='ocr_par' dir='ltr' id='par_1_19' title="bbox 300 1312 991 1427">
     <span class='ocr_line' id='line_1_34' title="bbox 301 1312 991 1367; baseline 0.001 -14"><span class='ocrx_word' id='word_1_172' title='bbox 301 1314 504 1367; x_wconf 79' lang='lat' dir='ltr'><strong>latimque</strong></span> <span class='ocrx_word' id='word_1_173' title='bbox 523 1312 671 1353; x_wconf 89' lang='lat' dir='ltr'><strong>Oriens</strong></span> <span class='ocrx_word' id='word_1_174' title='bbox 692 1312 991 1366; x_wconf 75' lang='lat' dir='ltr'><strong>Romanorum,</strong></span> 
     </span>
     <span class='ocr_line' id='line_1_35' title="bbox 300 1371 666 1427; baseline -0.005 -15"><span class='ocrx_word' id='word_1_175' title='bbox 300 1386 419 1427; x_wconf 88' lang='lat' dir='ltr'><strong>gum,</strong></span> <span class='ocrx_word' id='word_1_176' title='bbox 439 1371 570 1413; x_wconf 81' lang='lat' dir='ltr'><strong>factus</strong></span> <span class='ocrx_word' id='word_1_177' title='bbox 590 1380 666 1411; x_wconf 87' lang='lat' dir='ltr'><strong>est.</strong></span> 
     </span>
    </p>
   </div>
   <div class='ocr_carea' id='block_1_20' title="bbox 92 1136 1760 1310">
    <p class='ocr_par' dir='ltr' id='par_1_20' title="bbox 92 1136 1760 1310">
     <span class='ocr_line' id='line_1_36' title="bbox 736 1136 1760 1192; baseline -0.001 -14"><span class='ocrx_word' id='word_1_178' title='bbox 736 1154 805 1192; x_wconf 79' lang='lat' dir='ltr'><strong>quo</strong></span> <span class='ocrx_word' id='word_1_179' title='bbox 826 1138 974 1178; x_wconf 78' lang='lat' dir='ltr'><strong>cesserit</strong></span> <span class='ocrx_word' id='word_1_180' title='bbox 1004 1138 1043 1178; x_wconf 86' lang='lat' dir='ltr'><em>T</em></span> <span class='ocrx_word' id='word_1_181' title='bbox 1041 1137 1184 1192; x_wconf 41' lang='lat' dir='ltr'><strong>zzgram‘,</strong></span> <span class='ocrx_word' id='word_1_182' title='bbox 1213 1154 1283 1179; x_wconf 82' lang='lat' dir='ltr'><strong>non</strong></span> <span class='ocrx_word' id='word_1_183' title='bbox 1315 1139 1496 1178; x_wconf 78' lang='lat' dir='ltr'><strong>daturum</strong></span> <span class='ocrx_word' id='word_1_184' title='bbox 1526 1139 1626 1192; x_wconf 83' lang='lat' dir='ltr'><strong>quod</strong></span> <span class='ocrx_word' id='word_1_185' title='bbox 1656 1136 1760 1177; x_wconf 82' lang='lat' dir='ltr'><strong>tueri</strong></span> 
     </span>
     <span class='ocr_line' id='line_1_37' title="bbox 92 1195 1755 1252; baseline -0.001 -15"><span class='ocrx_word' id='word_1_186' title='bbox 92 1218 291 1251; x_wconf 73' lang='lat' dir='ltr'><strong>Urb.C.687.</strong></span> <span class='ocrx_word' id='word_1_187' title='bbox 303 1197 466 1237; x_wconf 79' lang='lat' dir='ltr'><strong>nesciat.-</strong></span> <span class='ocrx_word' id='word_1_188' title='bbox 488 1213 530 1238; x_wconf 75' lang='grc' dir='ltr'><strong>ηε</strong></span> <span class='ocrx_word' id='word_1_189' title='bbox 550 1211 682 1236; x_wconf 80' lang='lat' dir='ltr'><strong>rursus</strong></span> <span class='ocrx_word' id='word_1_190' title='bbox 700 1197 730 1236; x_wconf 86' lang='lat' dir='ltr'><em>S</em></span> <span class='ocrx_word' id='word_1_191' title='bbox 721 1196 856 1252; x_wconf 78' lang='lat' dir='ltr'><strong>yriam</strong></span> <span class='ocrx_word' id='word_1_192' title='bbox 868 1195 1092 1250; x_wconf 76' lang='lat' dir='ltr'><strong>Judaecrum</strong></span> <span class='ocrx_word' id='word_1_193' title='bbox 1108 1206 1143 1236; x_wconf 86' lang='lat' dir='ltr'><strong>et</strong></span> <span class='ocrx_word' id='word_1_194' title='bbox 1154 1197 1334 1237; x_wconf 75' lang='lat' dir='ltr'><strong>Arabum</strong></span> <span class='ocrx_word' id='word_1_195' title='bbox 1350 1195 1564 1237; x_wconf 74' lang='lat' dir='ltr'><strong>latrociniis</strong></span> <span class='ocrx_word' id='word_1_196' title='bbox 1579 1196 1755 1251; x_wconf 67' lang='lat' dir='ltr'><strong>iqfestam</strong></span> 
     </span>
     <span class='ocr_line' id='line_1_38' title="bbox 513 1253 1758 1310; baseline -0.002 -15"><span class='ocrx_word' id='word_1_197' title='bbox 513 1256 658 1309; x_wconf 82' lang='lat' dir='ltr'><strong>Atque</strong></span> <span class='ocrx_word' id='word_1_198' title='bbox 677 1254 735 1295; x_wconf 83' lang='lat' dir='ltr'><strong>ita</strong></span> <span class='ocrx_word' id='word_1_199' title='bbox 757 1254 920 1309; x_wconf 85' lang='lat' dir='ltr'><strong>Syriam</strong></span> <span class='ocrx_word' id='word_1_200' title='bbox 942 1255 985 1295; x_wconf 87' lang='lat' dir='ltr'><strong>in</strong></span> <span class='ocrx_word' id='word_1_201' title='bbox 1005 1253 1227 1308; x_wconf 85' lang='lat' dir='ltr'><strong>provinciae</strong></span> <span class='ocrx_word' id='word_1_202' title='bbox 1247 1255 1424 1294; x_wconf 87' lang='lat' dir='ltr'><strong>formam</strong></span> <span class='ocrx_word' id='word_1_203' title='bbox 1454 1253 1625 1310; x_wconf 84' lang='lat' dir='ltr'><strong>redigit:</strong></span> <span class='ocrx_word' id='word_1_204' title='bbox 1657 1268 1758 1307; x_wconf 84' lang='lat' dir='ltr'><strong>pau-</strong></span> 
     </span>
    </p>
   </div>
   <div class='ocr_carea' id='block_1_21' title="bbox 1025 1312 1756 1368">
    <p class='ocr_par' dir='ltr' id='par_1_21' title="bbox 1025 1312 1756 1368">
     <span class='ocr_line' id='line_1_39' title="bbox 1025 1312 1756 1368; baseline -0.003 -15"><span class='ocrx_word' id='word_1_205' title='bbox 1025 1312 1229 1354; x_wconf 70' lang='lat' dir='ltr'><strong>discordia</strong></span> <span class='ocrx_word' id='word_1_206' title='bbox 1266 1312 1662 1368; x_wconf 83' lang='lat' dir='ltr'><strong>consanguineorum</strong></span> <span class='ocrx_word' id='word_1_207' title='bbox 1689 1325 1756 1352; x_wconf 87' lang='lat' dir='ltr'><strong>re-</strong></span> 
     </span>
    </p>
   </div>
   <div class='ocr_carea' id='block_1_22' title="bbox 847 1477 1228 1509">
    <p class='ocr_par' dir='ltr' id='par_1_22' title="bbox 847 1477 1228 1509">
     <span class='ocr_line' id='line_1_40' title="bbox 847 1477 1228 1509; baseline 0.003 -1"><span class='ocrx_word' id='word_1_208' title='bbox 847 1478 859 1507; x_wconf 91' lang='lat'>1</span> <span class='ocrx_word' id='word_1_209' title='bbox 865 1477 1184 1509; x_wconf 83' lang='lat' dir='ltr'>NTERPRETATI</span> <span class='ocrx_word' id='word_1_210' title='bbox 1188 1478 1228 1509; x_wconf 82' lang='grc' dir='ltr'><strong>Ο.</strong></span> 
     </span>
    </p>
   </div>
   <div class='ocr_carea' id='block_1_23' title="bbox 306 1550 1758 1636">
    <p class='ocr_par' dir='ltr' id='par_1_23' title="bbox 306 1550 1758 1636">
     <span class='ocr_line' id='line_1_41' title="bbox 347 1550 1758 1596; baseline 0.001 -13"><span class='ocrx_word' id='word_1_211' title='bbox 347 1552 364 1574; x_wconf 80' lang='lat'>²</span> <span class='ocrx_word' id='word_1_212' title='bbox 384 1553 442 1594; x_wconf 78' lang='lat' dir='ltr'><strong>Qui</strong></span> <span class='ocrx_word' id='word_1_213' title='bbox 464 1553 605 1595; x_wconf 79' lang='lat' dir='ltr'><strong>respondit</strong></span> <span class='ocrx_word' id='word_1_214' title='bbox 626 1550 787 1584; x_wconf 80' lang='lat' dir='ltr'><strong>Antiocho</strong></span> <span class='ocrx_word' id='word_1_215' title='bbox 804 1553 911 1593; x_wconf 74' lang='lat' dir='ltr'><strong>petenti</strong></span> <span class='ocrx_word' id='word_1_216' title='bbox 932 1552 1073 1593; x_wconf 83' lang='lat' dir='ltr'><strong>Regnum,</strong></span> <span class='ocrx_word' id='word_1_217' title='bbox 1091 1564 1121 1582; x_wconf 83' lang='lat' dir='ltr'><strong>se</strong></span> <span class='ocrx_word' id='word_1_218' title='bbox 1141 1563 1193 1582; x_wconf 75' lang='lat' dir='ltr'><strong>non</strong></span> <span class='ocrx_word' id='word_1_219' title='bbox 1213 1553 1346 1585; x_wconf 79' lang='lat' dir='ltr'><strong>daturum</strong></span> <span class='ocrx_word' id='word_1_220' title='bbox 1368 1553 1471 1596; x_wconf 80' lang='lat' dir='ltr'><strong>Regem</strong></span> <span class='ocrx_word' id='word_1_221' title='bbox 1493 1552 1586 1596; x_wconf 69' lang='lat' dir='ltr'><strong>Syrie</strong></span> <span class='ocrx_word' id='word_1_222' title='bbox 1607 1551 1758 1594; x_wconf 73' lang='lat' dir='ltr'><strong>recusanti,</strong></span> 
     </span>
     <span class='ocr_line' id='line_1_42' title="bbox 306 1595 1214 1636; baseline -0.003 -8"><span class='ocrx_word' id='word_1_223' title='bbox 306 1606 378 1628; x_wconf 85' lang='lat' dir='ltr'><strong>cum</strong></span> <span class='ocrx_word' id='word_1_224' title='bbox 393 1606 455 1628; x_wconf 88' lang='lat' dir='ltr'><strong>non</strong></span> <span class='ocrx_word' id='word_1_225' title='bbox 470 1596 598 1629; x_wconf 76' lang='lat' dir='ltr'><strong>daturus</strong></span> <span class='ocrx_word' id='word_1_226' title='bbox 613 1603 703 1636; x_wconf 81' lang='lat' dir='ltr'><strong>esset,</strong></span> <span class='ocrx_word' id='word_1_227' title='bbox 717 1597 801 1626; x_wconf 74' lang='lat' dir='ltr'><strong>etiam</strong></span> <span class='ocrx_word' id='word_1_228' title='bbox 816 1596 842 1625; x_wconf 78' lang='lat' dir='ltr'><strong>si</strong></span> <span class='ocrx_word' id='word_1_229' title='bbox 855 1595 929 1625; x_wconf 82' lang='lat' dir='ltr'><strong>illud</strong></span> <span class='ocrx_word' id='word_1_230' title='bbox 935 1601 1072 1636; x_wconf 76' lang='lat' dir='ltr'><strong>posceret.</strong></span> <span class='ocrx_word' id='word_1_231' title='bbox 1203 1598 1214 1603; x_wconf 76' lang='grc'><strong>“</strong></span> 
     </span>
    </p>
   </div>
   <div class='ocr_carea' id='block_1_24' title="bbox 948 1698 1017 1729">
    <p class='ocr_par' dir='ltr' id='par_1_24' title="bbox 948 1698 1017 1729">
     <span class='ocr_line' id='line_1_43' title="bbox 948 1698 1017 1729; baseline 0 0"><span class='ocrx_word' id='word_1_232' title='bbox 948 1698 1017 1729; x_wconf 86' lang='grc' dir='ltr'><strong>ΝΟ</strong></span> 
     </span>
    </p>
   </div>
   <div class='ocr_carea' id='block_1_25' title="bbox 305 1761 1020 2616">
    <p class='ocr_par' dir='ltr' id='par_1_25' title="bbox 305 1761 1020 2436">
     <span class='ocr_line' id='line_1_44' title="bbox 305 1761 1014 1806; baseline -0.006 -10"><span class='ocrx_word' id='word_1_233' title='bbox 305 1763 441 1806; x_wconf 76' lang='lat' dir='ltr'><strong>Lathyri</strong></span> <span class='ocrx_word' id='word_1_234' title='bbox 455 1763 562 1800; x_wconf 79' lang='lat' dir='ltr'><strong>fretus,</strong></span> <span class='ocrx_word' id='word_1_235' title='bbox 576 1774 607 1794; x_wconf 80' lang='lat' dir='ltr'><strong>se</strong></span> <span class='ocrx_word' id='word_1_236' title='bbox 624 1764 747 1804; x_wconf 80' lang='lat' dir='ltr'><strong>Regem</strong></span> <span class='ocrx_word' id='word_1_237' title='bbox 762 1761 922 1800; x_wconf 58' lang='lat' dir='ltr'><strong>dixerunn</strong></span> <span class='ocrx_word' id='word_1_238' title='bbox 939 1772 1014 1793; x_wconf 88' lang='lat' dir='ltr'><strong>una-</strong></span> 
     </span>
     <span class='ocr_line' id='line_1_45' title="bbox 305 1805 1015 1849; baseline -0.004 -11"><span class='ocrx_word' id='word_1_239' title='bbox 305 1818 367 1848; x_wconf 86' lang='lat' dir='ltr'><strong>que</strong></span> <span class='ocrx_word' id='word_1_240' title='bbox 388 1807 503 1849; x_wconf 77' lang='lat' dir='ltr'><strong>junctis</strong></span> <span class='ocrx_word' id='word_1_241' title='bbox 526 1806 642 1837; x_wconf 79' lang='lat' dir='ltr'><strong>viribus</strong></span> <span class='ocrx_word' id='word_1_242' title='bbox 668 1816 739 1837; x_wconf 90' lang='lat' dir='ltr'><strong>cum</strong></span> <span class='ocrx_word' id='word_1_243' title='bbox 763 1805 924 1837; x_wconf 88' lang='lat' dir='ltr'><strong>Antiocho</strong></span> <span class='ocrx_word' id='word_1_244' title='bbox 948 1805 1015 1841; x_wconf 80' lang='lat' dir='ltr'><strong>Pio,</strong></span> 
     </span>
     <span class='ocr_line' id='line_1_46' title="bbox 306 1846 1015 1889; baseline -0.004 -8"><span class='ocrx_word' id='word_1_245' title='bbox 306 1857 372 1881; x_wconf 76' lang='lat' dir='ltr'><strong>tam</strong></span> <span class='ocrx_word' id='word_1_246' title='bbox 388 1850 500 1881; x_wconf 87' lang='lat' dir='ltr'><strong>acriter</strong></span> <span class='ocrx_word' id='word_1_247' title='bbox 522 1849 722 1884; x_wconf 61' lang='lat' dir='ltr'><strong>dimicarunt,</strong></span> <span class='ocrx_word' id='word_1_248' title='bbox 744 1855 780 1879; x_wconf 88' lang='lat' dir='ltr'><strong>ut</strong></span> <span class='ocrx_word' id='word_1_249' title='bbox 795 1848 825 1879; x_wconf 90' lang='lat' dir='ltr'><strong>in</strong></span> <span class='ocrx_word' id='word_1_250' title='bbox 842 1847 949 1889; x_wconf 87' lang='lat' dir='ltr'><strong>praelio</strong></span> <span class='ocrx_word' id='word_1_251' title='bbox 964 1846 1015 1878; x_wconf 75' lang='lat' dir='ltr'><strong>ille</strong></span> 
     </span>
     <span class='ocr_line' id='line_1_47' title="bbox 306 1889 1016 1932; baseline -0.006 -8"><span class='ocrx_word' id='word_1_252' title='bbox 306 1892 497 1928; x_wconf 79' lang='lat' dir='ltr'><strong>occubuerit,</strong></span> <span class='ocrx_word' id='word_1_253' title='bbox 506 1900 541 1922; x_wconf 91' lang='lat' dir='ltr'><strong>ut</strong></span> <span class='ocrx_word' id='word_1_254' title='bbox 551 1890 819 1932; x_wconf 80' lang='lat' dir='ltr'><strong>habet‘Josephus.</strong></span> <span class='ocrx_word' id='word_1_255' title='bbox 840 1893 926 1922; x_wconf 87' lang='lat' dir='ltr'><strong>Dum</strong></span> <span class='ocrx_word' id='word_1_256' title='bbox 939 1889 1016 1921; x_wconf 72' lang='lat' dir='ltr'><strong>vero</strong></span> 
     </span>
     <span class='ocr_line' id='line_1_48' title="bbox 307 1933 1016 1976; baseline -0.006 -9"><span class='ocrx_word' id='word_1_257' title='bbox 307 1935 490 1968; x_wconf 84' lang='lat' dir='ltr'><strong>Demetrius</strong></span> <span class='ocrx_word' id='word_1_258' title='bbox 506 1934 685 1976; x_wconf 86' lang='lat' dir='ltr'><strong>Philippum</strong></span> <span class='ocrx_word' id='word_1_259' title='bbox 695 1934 824 1964; x_wconf 85' lang='lat' dir='ltr'><strong>fratrem</strong></span> <span class='ocrx_word' id='word_1_260' title='bbox 839 1933 933 1975; x_wconf 74' lang='lat' dir='ltr'><strong>paulo</strong></span> <span class='ocrx_word' id='word_1_261' title='bbox 946 1933 1016 1973; x_wconf 64' lang='lat' dir='ltr'><strong>post</strong></span> 
     </span>
     <span class='ocr_line' id='line_1_49' title="bbox 308 1975 1018 2017; baseline -0.004 -8"><span class='ocrx_word' id='word_1_262' title='bbox 308 1981 427 2010; x_wconf 76' lang='lat' dir='ltr'><strong>Peroea:</strong></span> <span class='ocrx_word' id='word_1_263' title='bbox 440 1977 570 2013; x_wconf 82' lang='lat' dir='ltr'><strong>obsidet,</strong></span> <span class='ocrx_word' id='word_1_264' title='bbox 581 1976 717 2007; x_wconf 84' lang='lat' dir='ltr'><strong>obsessus</strong></span> <span class='ocrx_word' id='word_1_265' title='bbox 731 1975 794 2017; x_wconf 81' lang='lat' dir='ltr'><strong>ipse</strong></span> <span class='ocrx_word' id='word_1_266' title='bbox 809 1975 847 2006; x_wconf 86' lang='lat' dir='ltr'><strong>ab</strong></span> <span class='ocrx_word' id='word_1_267' title='bbox 859 1975 1018 2007; x_wconf 87' lang='lat' dir='ltr'><strong>Arabibus</strong></span> 
     </span>
     <span class='ocr_line' id='line_1_50' title="bbox 308 2018 1016 2061; baseline -0.006 -9"><span class='ocrx_word' id='word_1_268' title='bbox 308 2028 340 2053; x_wconf 81' lang='lat' dir='ltr'><strong>et</strong></span> <span class='ocrx_word' id='word_1_269' title='bbox 357 2019 492 2058; x_wconf 85' lang='lat' dir='ltr'><strong>Parthis,</strong></span> <span class='ocrx_word' id='word_1_270' title='bbox 512 2027 618 2061; x_wconf 85' lang='lat' dir='ltr'><strong>captus</strong></span> <span class='ocrx_word' id='word_1_271' title='bbox 634 2027 688 2055; x_wconf 87' lang='lat' dir='ltr'><strong>est,</strong></span> <span class='ocrx_word' id='word_1_272' title='bbox 704 2026 735 2050; x_wconf 86' lang='lat' dir='ltr'><strong>et</strong></span> <span class='ocrx_word' id='word_1_273' title='bbox 750 2018 788 2048; x_wconf 89' lang='lat' dir='ltr'><strong>ad</strong></span> <span class='ocrx_word' id='word_1_274' title='bbox 810 2020 933 2061; x_wconf 84' lang='lat' dir='ltr'><strong>Regem</strong></span> <span class='ocrx_word' id='word_1_275' title='bbox 950 2019 1016 2049; x_wconf 83' lang='lat' dir='ltr'><strong>Mi-</strong></span> 
     </span>
     <span class='ocr_line' id='line_1_51' title="bbox 307 2061 1017 2102; baseline -0.007 -7"><span class='ocrx_word' id='word_1_276' title='bbox 307 2063 477 2095; x_wconf 80' lang='lat' dir='ltr'><strong>thridatem</strong></span> <span class='ocrx_word' id='word_1_277' title='bbox 493 2061 654 2097; x_wconf 84' lang='lat' dir='ltr'><strong>deductus,</strong></span> <span class='ocrx_word' id='word_1_278' title='bbox 674 2061 712 2091; x_wconf 78' lang='lat' dir='ltr'><strong>ab</strong></span> <span class='ocrx_word' id='word_1_279' title='bbox 728 2072 765 2091; x_wconf 92' lang='lat' dir='ltr'><strong>eo</strong></span> <span class='ocrx_word' id='word_1_280' title='bbox 779 2071 894 2102; x_wconf 85' lang='lat' dir='ltr'><strong>magno</strong></span> <span class='ocrx_word' id='word_1_281' title='bbox 915 2061 945 2091; x_wconf 88' lang='lat' dir='ltr'><strong>in</strong></span> <span class='ocrx_word' id='word_1_282' title='bbox 960 2061 1017 2091; x_wconf 88' lang='lat' dir='ltr'><strong>ho-</strong></span> 
     </span>
     <span class='ocr_line' id='line_1_52' title="bbox 307 2104 1017 2138; baseline -0.004 -1"><span class='ocrx_word' id='word_1_283' title='bbox 307 2117 384 2138; x_wconf 83' lang='lat' dir='ltr'><strong>nore</strong></span> <span class='ocrx_word' id='word_1_284' title='bbox 398 2104 521 2137; x_wconf 82' lang='lat' dir='ltr'><strong>habitus</strong></span> <span class='ocrx_word' id='word_1_285' title='bbox 531 2111 587 2136; x_wconf 84' lang='lat' dir='ltr'><strong>est.</strong></span> <span class='ocrx_word' id='word_1_286' title='bbox 620 2104 743 2136; x_wconf 86' lang='lat' dir='ltr'><strong>Deinde</strong></span> <span class='ocrx_word' id='word_1_287' title='bbox 752 2104 926 2134; x_wconf 86' lang='lat' dir='ltr'><strong>Antiochus</strong></span> <span class='ocrx_word' id='word_1_288' title='bbox 940 2104 1017 2134; x_wconf 92' lang='lat' dir='ltr'><strong>Dio-</strong></span> 
     </span>
     <span class='ocr_line' id='line_1_53' title="bbox 308 2145 1016 2190; baseline -0.004 -11"><span class='ocrx_word' id='word_1_289' title='bbox 308 2149 425 2190; x_wconf 75' lang='lat' dir='ltr'><strong>nysius,</strong></span> <span class='ocrx_word' id='word_1_290' title='bbox 446 2149 601 2178; x_wconf 75' lang='lat' dir='ltr'><strong>Damasco</strong></span> <span class='ocrx_word' id='word_1_291' title='bbox 615 2145 774 2189; x_wconf 72' lang='lat' dir='ltr'><strong>occupata,</strong></span> <span class='ocrx_word' id='word_1_292' title='bbox 789 2147 904 2177; x_wconf 72' lang='lat' dir='ltr'><strong>occisus</strong></span> <span class='ocrx_word' id='word_1_293' title='bbox 918 2154 963 2177; x_wconf 86' lang='lat' dir='ltr'><strong>est</strong></span> <span class='ocrx_word' id='word_1_294' title='bbox 979 2146 1016 2176; x_wconf 84' lang='lat' dir='ltr'><strong>ab</strong></span> 
     </span>
     <span class='ocr_line' id='line_1_54' title="bbox 309 2189 1018 2231; baseline -0.004 -9"><span class='ocrx_word' id='word_1_295' title='bbox 309 2190 410 2223; x_wconf 68' lang='lat' dir='ltr'><strong>Aretfi</strong></span> <span class='ocrx_word' id='word_1_296' title='bbox 426 2189 569 2222; x_wconf 88' lang='lat' dir='ltr'><strong>Arabum</strong></span> <span class='ocrx_word' id='word_1_297' title='bbox 582 2200 666 2231; x_wconf 85' lang='lat' dir='ltr'><strong>rege.</strong></span> <span class='ocrx_word' id='word_1_298' title='bbox 698 2189 855 2220; x_wconf 83' lang='lat' dir='ltr'><strong>Fratribus</strong></span> <span class='ocrx_word' id='word_1_299' title='bbox 867 2197 1018 2231; x_wconf 77' lang='lat' dir='ltr'><strong>superstes</strong></span> 
     </span>
     <span class='ocr_line' id='line_1_55' title="bbox 309 2231 1016 2276; baseline -0.006 -11"><span class='ocrx_word' id='word_1_300' title='bbox 309 2233 592 2276; x_wconf 83' lang='lat' dir='ltr'><strong>Philippus,Syriae</strong></span> <span class='ocrx_word' id='word_1_301' title='bbox 614 2233 664 2263; x_wconf 83' lang='lat' dir='ltr'><strong>vix</strong></span> <span class='ocrx_word' id='word_1_302' title='bbox 681 2232 785 2273; x_wconf 79' lang='lat' dir='ltr'><strong>paucis</strong></span> <span class='ocrx_word' id='word_1_303' title='bbox 799 2231 885 2262; x_wconf 74' lang='lat' dir='ltr'><strong>annis</strong></span> <span class='ocrx_word' id='word_1_304' title='bbox 903 2232 1016 2272; x_wconf 80' lang='lat' dir='ltr'><strong>pra-fu-</strong></span> 
     </span>
     <span class='ocr_line' id='line_1_56' title="bbox 309 2274 1020 2315; baseline -0.006 -7"><span class='ocrx_word' id='word_1_305' title='bbox 309 2285 388 2315; x_wconf 81' lang='lat' dir='ltr'><strong>erat,</strong></span> <span class='ocrx_word' id='word_1_306' title='bbox 414 2276 485 2307; x_wconf 77' lang='lat' dir='ltr'><strong>cum</strong></span> <span class='ocrx_word' id='word_1_307' title='bbox 500 2275 675 2307; x_wconf 84' lang='lat' dir='ltr'><strong>Antiochus</strong></span> <span class='ocrx_word' id='word_1_308' title='bbox 688 2275 854 2309; x_wconf 79' lang='lat' dir='ltr'><strong>Asiaticus.</strong></span> <span class='ocrx_word' id='word_1_309' title='bbox 871 2275 915 2305; x_wconf 80' lang='lat' dir='ltr'><strong>Pii</strong></span> <span class='ocrx_word' id='word_1_310' title='bbox 929 2274 1020 2311; x_wconf 86' lang='lat' dir='ltr'><strong>filius,</strong></span> 
     </span>
     <span class='ocr_line' id='line_1_57' title="bbox 310 2317 1017 2358; baseline -0.003 -8"><span class='ocrx_word' id='word_1_311' title='bbox 310 2319 356 2350; x_wconf 82' lang='lat' dir='ltr'><strong>illi</strong></span> <span class='ocrx_word' id='word_1_312' title='bbox 378 2318 495 2349; x_wconf 86' lang='lat' dir='ltr'><strong>bellum</strong></span> <span class='ocrx_word' id='word_1_313' title='bbox 521 2317 626 2348; x_wconf 86' lang='lat' dir='ltr'><strong>intulit</strong></span> <span class='ocrx_word' id='word_1_314' title='bbox 639 2330 645 2347; x_wconf 92' lang='lat'>:</span> <span class='ocrx_word' id='word_1_315' title='bbox 679 2327 774 2358; x_wconf 86' lang='lat' dir='ltr'><strong>quare</strong></span> <span class='ocrx_word' id='word_1_316' title='bbox 797 2317 816 2348; x_wconf 74' lang='grc' dir='ltr'><strong>εὶ</strong></span> <span class='ocrx_word' id='word_1_317' title='bbox 842 2317 948 2357; x_wconf 83' lang='lat' dir='ltr'><strong>Syriis,</strong></span> <span class='ocrx_word' id='word_1_318' title='bbox 970 2325 1017 2348; x_wconf 87' lang='lat' dir='ltr'><strong>tot</strong></span> 
     </span>
     <span class='ocr_line' id='line_1_58' title="bbox 309 2360 1016 2402; baseline -0.004 -10"><span class='ocrx_word' id='word_1_319' title='bbox 309 2361 448 2393; x_wconf 81' lang='lat' dir='ltr'><strong>motibus</strong></span> <span class='ocrx_word' id='word_1_320' title='bbox 470 2360 593 2391; x_wconf 84' lang='lat' dir='ltr'><strong>defessis</strong></span> <span class='ocrx_word' id='word_1_321' title='bbox 625 2370 756 2401; x_wconf 79' lang='lat' dir='ltr'><strong>regnum</strong></span> <span class='ocrx_word' id='word_1_322' title='bbox 780 2360 818 2390; x_wconf 88' lang='lat' dir='ltr'><strong>ad</strong></span> <span class='ocrx_word' id='word_1_323' title='bbox 844 2360 1016 2402; x_wconf 83' lang='lat' dir='ltr'><strong>Tigranem</strong></span> 
     </span>
     <span class='ocr_line' id='line_1_59' title="bbox 308 2402 864 2436; baseline -0.004 0"><span class='ocrx_word' id='word_1_324' title='bbox 308 2404 448 2436; x_wconf 74' lang='lat' dir='ltr'><strong>delatum</strong></span> <span class='ocrx_word' id='word_1_325' title='bbox 463 2411 508 2433; x_wconf 87' lang='lat' dir='ltr'><strong>est</strong></span> <span class='ocrx_word' id='word_1_326' title='bbox 520 2414 600 2433; x_wconf 87' lang='lat' dir='ltr'><strong>anno</strong></span> <span class='ocrx_word' id='word_1_327' title='bbox 614 2402 631 2433; x_wconf 68' lang='lat' dir='ltr'><strong>a</strong></span> <span class='ocrx_word' id='word_1_328' title='bbox 649 2402 776 2433; x_wconf 81' lang='lat' dir='ltr'><strong>Seleuco</strong></span> <span class='ocrx_word' id='word_1_329' title='bbox 791 2406 864 2434; x_wconf 72' lang='lat'><strong><em>2¹28.</em></strong></span> 
     </span>
    </p>

    <p class='ocr_par' dir='ltr' id='par_1_26' title="bbox 311 2445 1017 2521">
     <span class='ocr_line' id='line_1_60' title="bbox 356 2445 1017 2487; baseline -0.003 -10"><span class='ocrx_word' id='word_1_330' title='bbox 356 2451 382 2477; x_wconf 83' lang='lat' dir='ltr'><strong>l.</strong></span> <span class='ocrx_word' id='word_1_331' title='bbox 398 2447 590 2477; x_wconf 77' lang='lat' dir='ltr'><strong>Mithridatis</strong></span> <span class='ocrx_word' id='word_1_332' title='bbox 609 2445 769 2487; x_wconf 73' lang='lat' dir='ltr'><strong>:ffnita!e.]</strong></span> <span class='ocrx_word' id='word_1_333' title='bbox 811 2445 920 2477; x_wconf 77' lang='lat' dir='ltr'><strong>Filiam.</strong></span> <span class='ocrx_word' id='word_1_334' title='bbox 935 2445 1017 2476; x_wconf 80' lang='lat' dir='ltr'><strong>enim</strong></span> 
     </span>
     <span class='ocr_line' id='line_1_61' title="bbox 311 2488 858 2521; baseline -0.004 -1"><span class='ocrx_word' id='word_1_335' title='bbox 311 2488 511 2521; x_wconf 82' lang='lat' dir='ltr'><strong>Mithridatis</strong></span> <span class='ocrx_word' id='word_1_336' title='bbox 526 2488 556 2518; x_wconf 90' lang='lat' dir='ltr'><strong>in</strong></span> <span class='ocrx_word' id='word_1_337' title='bbox 573 2498 702 2518; x_wconf 76' lang='lat' dir='ltr'><strong>uxorem</strong></span> <span class='ocrx_word' id='word_1_338' title='bbox 717 2489 858 2519; x_wconf 81' lang='lat' dir='ltr'><strong>duxerat.</strong></span> 
     </span>
    </p>

    <p class='ocr_par' dir='ltr' id='par_1_27' title="bbox 308 2531 1019 2616">
     <span class='ocr_line' id='line_1_62' title="bbox 352 2531 1018 2572; baseline -0.002 -10"><span class='ocrx_word' id='word_1_339' title='bbox 352 2536 382 2562; x_wconf 72' lang='lat'><strong>9.</strong></span> <span class='ocrx_word' id='word_1_340' title='bbox 399 2532 644 2572; x_wconf 73' lang='lat' dir='ltr'><strong>Tranquillisst&#39;mo</strong></span> <span class='ocrx_word' id='word_1_341' title='bbox 661 2531 765 2572; x_wconf 62' lang='lat' dir='ltr'><strong>regna]</strong></span> <span class='ocrx_word' id='word_1_342' title='bbox 788 2533 902 2562; x_wconf 83' lang='lat' dir='ltr'><strong>Aretas</strong></span> <span class='ocrx_word' id='word_1_343' title='bbox 915 2539 1018 2563; x_wconf 85' lang='lat' dir='ltr'><strong>tamen</strong></span> 
     </span>
     <span class='ocr_line' id='line_1_63' title="bbox 308 2573 1019 2616; baseline -0.001 -11"><span class='ocrx_word' id='word_1_344' title='bbox 308 2574 449 2605; x_wconf 80' lang='lat' dir='ltr'><strong>et&#39;Judaei</strong></span> <span class='ocrx_word' id='word_1_345' title='bbox 460 2573 580 2616; x_wconf 76' lang='lat' dir='ltr'><strong>Syriam</strong></span> <span class='ocrx_word' id='word_1_346' title='bbox 591 2573 963 2616; x_wconf 62' lang='lat' dir='ltr'><strong>excursionibusmaxime</strong></span> <span class='ocrx_word' id='word_1_347' title='bbox 974 2574 1019 2605; x_wconf 89' lang='lat' dir='ltr'><strong>in-</strong></span> 
     </span>
    </p>
   </div>
   <div class='ocr_carea' id='block_1_26' title="bbox 304 2616 468 2656">
    <p class='ocr_par' dir='ltr' id='par_1_28' title="bbox 304 2616 468 2656">
     <span class='ocr_line' id='line_1_64' title="bbox 304 2616 468 2656; baseline -0.012 -6"><span class='ocrx_word' id='word_1_348' title='bbox 304 2616 468 2656; x_wconf 60' lang='lat' dir='ltr'><strong>(estfirunt.</strong></span> 
     </span>
    </p>
   </div>
   <div class='ocr_carea' id='block_1_27' title="bbox 1025 1698 1108 1729">
    <p class='ocr_par' dir='ltr' id='par_1_29' title="bbox 1025 1698 1108 1729">
     <span class='ocr_line' id='line_1_65' title="bbox 1025 1698 1108 1729; baseline 0 0"><span class='ocrx_word' id='word_1_349' title='bbox 1025 1698 1108 1729; x_wconf 80' lang='lat' dir='ltr'><strong>TAE.</strong></span> 
     </span>
    </p>
   </div>
   <div class='ocr_carea' id='block_1_28' title="bbox 1047 1761 1805 2613">
    <p class='ocr_par' dir='ltr' id='par_1_30' title="bbox 1047 1761 1805 2265">
     <span class='ocr_line' id='line_1_66' title="bbox 1088 1761 1757 1808; baseline 0.004 -15"><span class='ocrx_word' id='word_1_350' title='bbox 1088 1767 1117 1794; x_wconf 81' lang='lat'><strong>3.</strong></span> <span class='ocrx_word' id='word_1_351' title='bbox 1133 1762 1260 1805; x_wconf 70' lang='lat' dir='ltr'><strong>Tigrane</strong></span> <span class='ocrx_word' id='word_1_352' title='bbox 1274 1761 1293 1794; x_wconf 71' lang='grc' dir='ltr'><em>ἃ</em></span> <span class='ocrx_word' id='word_1_353' title='bbox 1307 1765 1451 1808; x_wconf 82' lang='lat' dir='ltr'><strong>Lucull0.]</strong></span> <span class='ocrx_word' id='word_1_354' title='bbox 1492 1763 1646 1806; x_wconf 75' lang='lat' dir='ltr'><strong>Tigranes</strong></span> <span class='ocrx_word' id='word_1_355' title='bbox 1659 1764 1757 1797; x_wconf 83' lang='lat' dir='ltr'><strong>habe-</strong></span> 
     </span>
     <span class='ocr_line' id='line_1_67' title="bbox 1047 1804 1805 1850; baseline 0.003 -14"><span class='ocrx_word' id='word_1_356' title='bbox 1047 1804 1101 1837; x_wconf 88' lang='lat' dir='ltr'><strong>bat</strong></span> <span class='ocrx_word' id='word_1_357' title='bbox 1135 1806 1277 1846; x_wconf 82' lang='lat' dir='ltr'><strong>peditum</strong></span> <span class='ocrx_word' id='word_1_358' title='bbox 1300 1811 1374 1844; x_wconf 81' lang='lat'><strong>250,</strong></span> <span class='ocrx_word' id='word_1_359' title='bbox 1403 1806 1544 1850; x_wconf 83' lang='lat' dir='ltr'><strong>equitum</strong></span> <span class='ocrx_word' id='word_1_360' title='bbox 1574 1811 1617 1838; x_wconf 84' lang='lat'><strong>50</strong></span> <span class='ocrx_word' id='word_1_361' title='bbox 1639 1807 1753 1838; x_wconf 82' lang='lat' dir='ltr'><strong>millia.-</strong></span> <span class='ocrx_word' id='word_1_362' title='bbox 1795 1836 1805 1848; x_wconf 65' lang='grc'><strong>,</strong></span> 
     </span>
     <span class='ocr_line' id='line_1_68' title="bbox 1047 1847 1756 1881; baseline 0.004 -3"><span class='ocrx_word' id='word_1_363' title='bbox 1047 1847 1197 1879; x_wconf 79' lang='lat' dir='ltr'><strong>Lucullus</strong></span> <span class='ocrx_word' id='word_1_364' title='bbox 1211 1859 1286 1880; x_wconf 87' lang='lat' dir='ltr'><strong>vero</strong></span> <span class='ocrx_word' id='word_1_365' title='bbox 1306 1848 1444 1881; x_wconf 80' lang='lat' dir='ltr'><strong>militum</strong></span> <span class='ocrx_word' id='word_1_366' title='bbox 1466 1849 1611 1881; x_wconf 89' lang='lat' dir='ltr'><strong>undecim</strong></span> <span class='ocrx_word' id='word_1_367' title='bbox 1632 1850 1756 1881; x_wconf 73' lang='lat' dir='ltr'><strong>tantum</strong></span> 
     </span>
     <span class='ocr_line' id='line_1_69' title="bbox 1047 1890 1756 1934; baseline 0.006 -14"><span class='ocrx_word' id='word_1_368' title='bbox 1047 1890 1156 1927; x_wconf 82' lang='lat' dir='ltr'><strong>millia,</strong></span> <span class='ocrx_word' id='word_1_369' title='bbox 1178 1898 1214 1922; x_wconf 88' lang='lat' dir='ltr'><strong>ut</strong></span> <span class='ocrx_word' id='word_1_370' title='bbox 1235 1891 1332 1922; x_wconf 86' lang='lat' dir='ltr'><strong>tradit</strong></span> <span class='ocrx_word' id='word_1_371' title='bbox 1345 1892 1519 1934; x_wconf 87' lang='lat' dir='ltr'><strong>Appianus‚</strong></span> <span class='ocrx_word' id='word_1_372' title='bbox 1539 1893 1589 1923; x_wconf 89' lang='lat' dir='ltr'><strong>cui</strong></span> <span class='ocrx_word' id='word_1_373' title='bbox 1604 1893 1756 1924; x_wconf 86' lang='lat' dir='ltr'><strong>consentit</strong></span> 
     </span>
     <span class='ocr_line' id='line_1_70' title="bbox 1049 1932 1756 1977; baseline 0.003 -13"><span class='ocrx_word' id='word_1_374' title='bbox 1049 1932 1243 1965; x_wconf 83' lang='lat' dir='ltr'><strong>Plutarchus.</strong></span> <span class='ocrx_word' id='word_1_375' title='bbox 1266 1934 1389 1966; x_wconf 87' lang='lat' dir='ltr'><strong>Praelio</strong></span> <span class='ocrx_word' id='word_1_376' title='bbox 1405 1943 1533 1977; x_wconf 85' lang='lat' dir='ltr'><strong>propter</strong></span> <span class='ocrx_word' id='word_1_377' title='bbox 1546 1935 1756 1977; x_wconf 68' lang='lat' dir='ltr'><strong>Tigranocer-</strong></span> 
     </span>
     <span class='ocr_line' id='line_1_71' title="bbox 1048 1976 1758 2018; baseline 0.004 -12"><span class='ocrx_word' id='word_1_378' title='bbox 1048 1983 1124 2014; x_wconf 87' lang='lat' dir='ltr'><strong>tam,</strong></span> <span class='ocrx_word' id='word_1_379' title='bbox 1136 1987 1230 2018; x_wconf 79' lang='lat' dir='ltr'><strong>quam</strong></span> <span class='ocrx_word' id='word_1_380' title='bbox 1242 1976 1392 2008; x_wconf 88' lang='lat' dir='ltr'><strong>Lucullus</strong></span> <span class='ocrx_word' id='word_1_381' title='bbox 1402 1977 1574 2017; x_wconf 79' lang='lat' dir='ltr'><strong>obsidebat,</strong></span> <span class='ocrx_word' id='word_1_382' title='bbox 1583 1977 1758 2016; x_wconf 75' lang='lat' dir='ltr'><strong>commisso,</strong></span> 
     </span>
     <span class='ocr_line' id='line_1_72' title="bbox 1047 2018 1756 2061; baseline 0.001 -12"><span class='ocrx_word' id='word_1_383' title='bbox 1047 2018 1200 2060; x_wconf 82' lang='lat' dir='ltr'><strong>Tigranes</strong></span> <span class='ocrx_word' id='word_1_384' title='bbox 1221 2020 1364 2061; x_wconf 87' lang='lat' dir='ltr'><strong>peditum</strong></span> <span class='ocrx_word' id='word_1_385' title='bbox 1394 2028 1518 2051; x_wconf 85' lang='lat' dir='ltr'><strong>centum</strong></span> <span class='ocrx_word' id='word_1_386' title='bbox 1548 2019 1658 2059; x_wconf 86' lang='lat' dir='ltr'><strong>millia,</strong></span> <span class='ocrx_word' id='word_1_387' title='bbox 1686 2031 1756 2051; x_wconf 88' lang='lat' dir='ltr'><strong>om-</strong></span> 
     </span>
     <span class='ocr_line' id='line_1_73' title="bbox 1048 2062 1755 2105; baseline 0.004 -14"><span class='ocrx_word' id='word_1_388' title='bbox 1048 2071 1163 2102; x_wconf 82' lang='lat' dir='ltr'><strong>nesque</strong></span> <span class='ocrx_word' id='word_1_389' title='bbox 1185 2062 1250 2093; x_wconf 75' lang='lat' dir='ltr'><strong>sere</strong></span> <span class='ocrx_word' id='word_1_390' title='bbox 1280 2062 1409 2103; x_wconf 81' lang='lat' dir='ltr'><strong>equites,</strong></span> <span class='ocrx_word' id='word_1_391' title='bbox 1438 2062 1589 2094; x_wconf 88' lang='lat' dir='ltr'><strong>Lucullus</strong></span> <span class='ocrx_word' id='word_1_392' title='bbox 1617 2063 1755 2105; x_wconf 87' lang='lat' dir='ltr'><strong>quinque</strong></span> 
     </span>
     <span class='ocr_line' id='line_1_74' title="bbox 1047 2104 1757 2147; baseline 0.003 -13"><span class='ocrx_word' id='word_1_393' title='bbox 1047 2104 1171 2135; x_wconf 79' lang='lat' dir='ltr'><strong>tantum</strong></span> <span class='ocrx_word' id='word_1_394' title='bbox 1185 2105 1300 2136; x_wconf 81' lang='lat' dir='ltr'><strong>milites</strong></span> <span class='ocrx_word' id='word_1_395' title='bbox 1313 2105 1434 2144; x_wconf 81' lang='lat' dir='ltr'><strong>amisit3</strong></span> <span class='ocrx_word' id='word_1_396' title='bbox 1460 2113 1670 2147; x_wconf 69' lang='lat' dir='ltr'><strong>praeterquam</strong></span> <span class='ocrx_word' id='word_1_397' title='bbox 1686 2116 1757 2136; x_wconf 87' lang='lat' dir='ltr'><strong>cen-</strong></span> 
     </span>
     <span class='ocr_line' id='line_1_75' title="bbox 1049 2146 1757 2188; baseline 0.006 -12"><span class='ocrx_word' id='word_1_398' title='bbox 1049 2153 1116 2177; x_wconf 87' lang='lat' dir='ltr'><strong>tum</strong></span> <span class='ocrx_word' id='word_1_399' title='bbox 1131 2147 1185 2188; x_wconf 90' lang='lat' dir='ltr'><strong>qui</strong></span> <span class='ocrx_word' id='word_1_400' title='bbox 1197 2148 1349 2179; x_wconf 86' lang='lat' dir='ltr'><strong>vulnerati</strong></span> <span class='ocrx_word' id='word_1_401' title='bbox 1363 2146 1502 2187; x_wconf 62' lang='lat' dir='ltr'><strong>suerunt,</strong></span> <span class='ocrx_word' id='word_1_402' title='bbox 1521 2161 1557 2179; x_wconf 82' lang='lat' dir='ltr'><strong>ex</strong></span> <span class='ocrx_word' id='word_1_403' title='bbox 1573 2149 1733 2180; x_wconf 73' lang='lat' dir='ltr'><strong>Plutarcho</strong></span> <span class='ocrx_word' id='word_1_404' title='bbox 1744 2161 1757 2180; x_wconf 75' lang='lat'><strong>.-</strong></span> 
     </span>
     <span class='ocr_line' id='line_1_76' title="bbox 1049 2189 1754 2230; baseline 0.004 -11"><span class='ocrx_word' id='word_1_405' title='bbox 1049 2189 1178 2230; x_wconf 86' lang='lat' dir='ltr'><strong>triginta</strong></span> <span class='ocrx_word' id='word_1_406' title='bbox 1211 2190 1335 2221; x_wconf 77' lang='lat' dir='ltr'><strong>tantum</strong></span> <span class='ocrx_word' id='word_1_407' title='bbox 1372 2190 1510 2222; x_wconf 87' lang='lat' dir='ltr'><strong>hostium</strong></span> <span class='ocrx_word' id='word_1_408' title='bbox 1542 2190 1640 2222; x_wconf 84' lang='lat' dir='ltr'><strong>millia</strong></span> <span class='ocrx_word' id='word_1_409' title='bbox 1677 2201 1754 2223; x_wconf 83' lang='lat' dir='ltr'><strong>caesa</strong></span> 
     </span>
     <span class='ocr_line' id='line_1_77' title="bbox 1049 2231 1402 2265; baseline 0.006 -3"><span class='ocrx_word' id='word_1_410' title='bbox 1049 2231 1140 2262; x_wconf 84' lang='lat' dir='ltr'><strong>fuisse</strong></span> <span class='ocrx_word' id='word_1_411' title='bbox 1156 2233 1251 2264; x_wconf 85' lang='lat' dir='ltr'><strong>tradit</strong></span> <span class='ocrx_word' id='word_1_412' title='bbox 1266 2232 1402 2265; x_wconf 79' lang='lat' dir='ltr'><strong>Orosius,</strong></span> 
     </span>
    </p>

    <p class='ocr_par' dir='ltr' id='par_1_31' title="bbox 1047 2275 1759 2613">
     <span class='ocr_line' id='line_1_78' title="bbox 1090 2275 1756 2318; baseline 0.005 -13"><span class='ocrx_word' id='word_1_413' title='bbox 1090 2278 1123 2305; x_wconf 84' lang='grc'><strong>4.</strong></span> <span class='ocrx_word' id='word_1_414' title='bbox 1145 2277 1260 2306; x_wconf 77' lang='lat' dir='ltr'><strong>Ademit</strong></span> <span class='ocrx_word' id='word_1_415' title='bbox 1275 2275 1454 2318; x_wconf 58' lang='lat' dir='ltr'><strong>Pompeius]</strong></span> <span class='ocrx_word' id='word_1_416' title='bbox 1475 2276 1538 2317; x_wconf 77' lang='lat' dir='ltr'><strong>Qui</strong></span> <span class='ocrx_word' id='word_1_417' title='bbox 1553 2275 1677 2308; x_wconf 76' lang='lat' dir='ltr'><strong>Luculli</strong></span> <span class='ocrx_word' id='word_1_418' title='bbox 1689 2287 1756 2308; x_wconf 79' lang='lat' dir='ltr'><strong>Suc·</strong></span> 
     </span>
     <span class='ocr_line' id='line_1_79' title="bbox 1048 2318 1756 2361; baseline 0.001 -13"><span class='ocrx_word' id='word_1_419' title='bbox 1048 2327 1147 2350; x_wconf 87' lang='lat' dir='ltr'><strong>cessor</strong></span> <span class='ocrx_word' id='word_1_420' title='bbox 1168 2318 1275 2359; x_wconf 82' lang='lat' dir='ltr'><strong>praelio</strong></span> <span class='ocrx_word' id='word_1_421' title='bbox 1289 2325 1442 2350; x_wconf 84' lang='lat' dir='ltr'><strong>nocturno</strong></span> <span class='ocrx_word' id='word_1_422' title='bbox 1454 2326 1537 2350; x_wconf 83' lang='lat' dir='ltr'><strong>trans</strong></span> <span class='ocrx_word' id='word_1_423' title='bbox 1551 2319 1756 2361; x_wconf 75' lang='lat' dir='ltr'><strong>Euphratem,</strong></span> 
     </span>
     <span class='ocr_line' id='line_1_80' title="bbox 1047 2361 1757 2403; baseline 0.004 -13"><span class='ocrx_word' id='word_1_424' title='bbox 1047 2370 1142 2401; x_wconf 87' lang='lat' dir='ltr'><strong>quem</strong></span> <span class='ocrx_word' id='word_1_425' title='bbox 1165 2362 1379 2392; x_wconf 86' lang='lat' dir='ltr'><strong>Romanorum</strong></span> <span class='ocrx_word' id='word_1_426' title='bbox 1401 2361 1519 2403; x_wconf 84' lang='lat' dir='ltr'><strong>primus</strong></span> <span class='ocrx_word' id='word_1_427' title='bbox 1539 2362 1668 2398; x_wconf 82' lang='lat' dir='ltr'><strong>transiit,</strong></span> <span class='ocrx_word' id='word_1_428' title='bbox 1692 2362 1757 2392; x_wconf 89' lang='lat' dir='ltr'><strong>Mi-</strong></span> 
     </span>
     <span class='ocr_line' id='line_1_81' title="bbox 1048 2402 1757 2447; baseline 0.003 -14"><span class='ocrx_word' id='word_1_429' title='bbox 1048 2402 1217 2434; x_wconf 79' lang='lat' dir='ltr'><strong>thridatem</strong></span> <span class='ocrx_word' id='word_1_430' title='bbox 1243 2403 1364 2444; x_wconf 87' lang='lat' dir='ltr'><strong>penitus</strong></span> <span class='ocrx_word' id='word_1_431' title='bbox 1397 2403 1574 2441; x_wconf 82' lang='lat' dir='ltr'><strong>debellavit.</strong></span> <span class='ocrx_word' id='word_1_432' title='bbox 1596 2404 1757 2447; x_wconf 76' lang='lat' dir='ltr'><strong>captisque</strong></span> 
     </span>
     <span class='ocr_line' id='line_1_82' title="bbox 1049 2446 1757 2489; baseline 0.003 -13"><span class='ocrx_word' id='word_1_433' title='bbox 1049 2447 1210 2477; x_wconf 83' lang='lat' dir='ltr'><strong>Artaxatis</strong></span> <span class='ocrx_word' id='word_1_434' title='bbox 1222 2447 1395 2489; x_wconf 83' lang='lat' dir='ltr'><strong>Tigranem</strong></span> <span class='ocrx_word' id='word_1_435' title='bbox 1409 2446 1449 2477; x_wconf 90' lang='lat' dir='ltr'><strong>ad</strong></span> <span class='ocrx_word' id='word_1_436' title='bbox 1469 2447 1565 2489; x_wconf 87' lang='lat' dir='ltr'><strong>pedes</strong></span> <span class='ocrx_word' id='word_1_437' title='bbox 1584 2447 1757 2489; x_wconf 85' lang='lat' dir='ltr'><strong>supplicem</strong></span> 
     </span>
     <span class='ocr_line' id='line_1_83' title="bbox 1050 2487 1759 2531; baseline 0.001 -12"><span class='ocrx_word' id='word_1_438' title='bbox 1050 2487 1080 2519; x_wconf 88' lang='lat' dir='ltr'><strong>in</strong></span> <span class='ocrx_word' id='word_1_439' title='bbox 1098 2489 1246 2519; x_wconf 84' lang='lat' dir='ltr'><strong>Armenia</strong></span> <span class='ocrx_word' id='word_1_440' title='bbox 1261 2499 1392 2530; x_wconf 84' lang='lat' dir='ltr'><strong>regnare</strong></span> <span class='ocrx_word' id='word_1_441' title='bbox 1414 2489 1564 2530; x_wconf 79' lang='lat' dir='ltr'><strong>permisit,</strong></span> <span class='ocrx_word' id='word_1_442' title='bbox 1577 2496 1608 2520; x_wconf 80' lang='lat' dir='ltr'><strong>et</strong></span> <span class='ocrx_word' id='word_1_443' title='bbox 1624 2489 1759 2531; x_wconf 80' lang='lat' dir='ltr'><strong>Syriam,</strong></span> 
     </span>
     <span class='ocr_line' id='line_1_84' title="bbox 1050 2531 1757 2575; baseline 0.006 -14"><span class='ocrx_word' id='word_1_444' title='bbox 1050 2531 1177 2572; x_wconf 85' lang='lat' dir='ltr'><strong>expulso</strong></span> <span class='ocrx_word' id='word_1_445' title='bbox 1205 2532 1352 2566; x_wconf 77' lang='lat' dir='ltr'><strong>Asiatico.</strong></span> <span class='ocrx_word' id='word_1_446' title='bbox 1372 2531 1564 2573; x_wconf 80' lang='lat' dir='ltr'><strong>provinciam</strong></span> <span class='ocrx_word' id='word_1_447' title='bbox 1586 2542 1648 2564; x_wconf 69' lang='lat' dir='ltr'><strong>esse</strong></span> <span class='ocrx_word' id='word_1_448' title='bbox 1668 2533 1757 2575; x_wconf 52' lang='lat' dir='ltr'><strong>[iussit</strong></span> 
     </span>
     <span class='ocr_line' id='line_1_85' title="bbox 1051 2574 1430 2613; baseline 0.008 -9"><span class='ocrx_word' id='word_1_449' title='bbox 1051 2584 1131 2606; x_wconf 82' lang='lat' dir='ltr'><strong>anuo</strong></span> <span class='ocrx_word' id='word_1_450' title='bbox 1146 2574 1165 2607; x_wconf 73' lang='grc' dir='ltr'>ὲ</span> <span class='ocrx_word' id='word_1_451' title='bbox 1180 2574 1346 2613; x_wconf 81' lang='lat' dir='ltr'><strong>Nicanore,</strong></span> <span class='ocrx_word' id='word_1_452' title='bbox 1358 2577 1430 2607; x_wconf 80' lang='lat'><strong>247.</strong></span> 
     </span>
    </p>
   </div>
  </div>
 </body>
</html>
