<?xml version="1.0" encoding="UTF-8"?>
<!DOCTYPE html PUBLIC "-//W3C//DTD XHTML 1.0 Transitional//EN"
    "http://www.w3.org/TR/xhtml1/DTD/xhtml1-transitional.dtd">
<html xmlns="http://www.w3.org/1999/xhtml" xml:lang="en" lang="en">
 <head>
  <title>
</title>
<meta http-equiv="Content-Type" content="text/html;charset=utf-8" />
  <meta name='ocr-system' content='tesseract 3.04.00' />
  <meta name='ocr-capabilities' content='ocr_page ocr_carea ocr_par ocr_line ocrx_word'/>
</head>
<body>
  <div class='ocr_page' id='page_1' title='image "./dehistoriisphili00just_0161.png"; bbox 0 0 1903 3076; ppageno 0'>
   <div class='ocr_carea' id='block_1_1' title="bbox 618 155 1840 337">
    <p class='ocr_par' dir='ltr' id='par_1_1' title="bbox 618 155 1840 337">
     <span class='ocr_line' id='line_1_1' title="bbox 618 155 1840 202; baseline 0.002 -3"><span class='ocrx_word' id='word_1_1' title='bbox 618 155 729 200; x_wconf 69' lang='grc' dir='ltr'>ΜΒ.</span> <span class='ocrx_word' id='word_1_2' title='bbox 753 156 887 199; x_wconf 71' lang='lat' dir='ltr'>XIV.</span> <span class='ocrx_word' id='word_1_3' title='bbox 921 159 1050 200; x_wconf 63' lang='lat' dir='ltr'>CAP.</span> <span class='ocrx_word' id='word_1_4' title='bbox 1069 158 1104 199; x_wconf 89' lang='grc' dir='ltr'>Ι.</span> <span class='ocrx_word' id='word_1_5' title='bbox 1129 156 1189 201; x_wconf 85' lang='grc' dir='ltr'>ΙΙ.</span> <span class='ocrx_word' id='word_1_6' title='bbox 1761 168 1840 202; x_wconf 66' lang='lat'>139</span> 
     </span>
     <span class='ocr_line' id='line_1_2' title="bbox 776 273 1081 337; baseline 0 -21"><span class='ocrx_word' id='word_1_7' title='bbox 776 273 975 316; x_wconf 85' lang='lat' dir='ltr'>CAPUT</span> <span class='ocrx_word' id='word_1_8' title='bbox 1006 273 1042 316; x_wconf 92' lang='lat'>1.</span> <span class='ocrx_word' id='word_1_9' title='bbox 1079 335 1081 337; x_wconf 6' lang='lat' dir='ltr'>y</span> 
     </span>
    </p>
   </div>
   <div class='ocr_carea' id='block_1_2' title="bbox 178 363 1835 658">
    <p class='ocr_par' dir='ltr' id='par_1_2' title="bbox 290 363 1821 424">
     <span class='ocr_line' id='line_1_3' title="bbox 290 363 1821 424; baseline 0 -14"><span class='ocrx_word' id='word_1_10' title='bbox 290 363 557 418; x_wconf 85' lang='lat' dir='ltr'>UMENES,</span> <span class='ocrx_word' id='word_1_11' title='bbox 587 379 629 409; x_wconf 84' lang='lat' dir='ltr'>ut</span> <span class='ocrx_word' id='word_1_12' title='bbox 649 368 886 410; x_wconf 82' lang='lat' dir='ltr'>Perdiccam</span> <span class='ocrx_word' id='word_1_13' title='bbox 912 370 1118 422; x_wconf 82' lang='lat' dir='ltr'>occisum,</span> <span class='ocrx_word' id='word_1_14' title='bbox 1137 384 1178 411; x_wconf 89' lang='lat' dir='ltr'>se</span> <span class='ocrx_word' id='word_1_15' title='bbox 1207 369 1402 411; x_wconf 88' lang='lat' dir='ltr'><strong>hostem</strong></span> <span class='ocrx_word' id='word_1_16' title='bbox 1386 387 1409 410; x_wconf 91' lang='lat' dir='ltr'>a</span> <span class='ocrx_word' id='word_1_17' title='bbox 1430 370 1626 413; x_wconf 84' lang='lat' dir='ltr'>Macedo·</span> <span class='ocrx_word' id='word_1_18' title='bbox 1641 393 1800 424; x_wconf 45' lang='lat' dir='ltr'>Eanum</span> <span class='ocrx_word' id='word_1_19' title='bbox 1789 407 1821 423; x_wconf 66' lang='lat' dir='ltr'><em>m</em></span> 
     </span>
    </p>

    <p class='ocr_par' dir='ltr' id='par_1_3' title="bbox 179 426 1835 657">
     <span class='ocr_line' id='line_1_4' title="bbox 303 426 1827 495; baseline -0.001 -28"><span class='ocrx_word' id='word_1_20' title='bbox 303 428 422 467; x_wconf 84' lang='lat' dir='ltr'>nibus</span> <span class='ocrx_word' id='word_1_21' title='bbox 435 426 677 480; x_wconf 85' lang='lat' dir='ltr'>judicatum,</span> <span class='ocrx_word' id='word_1_22' title='bbox 693 428 934 483; x_wconf 69' lang='lat' dir='ltr'>bellumque</span> <span class='ocrx_word' id='word_1_23' title='bbox 951 428 1162 484; x_wconf 83' lang='lat' dir='ltr'>Antigono</span> <span class='ocrx_word' id='word_1_24' title='bbox 1177 430 1386 470; x_wconf 69' lang='lat' dir='ltr'>decretum</span> <span class='ocrx_word' id='word_1_25' title='bbox 1407 430 1626 495; x_wconf 78' lang='lat' dir='ltr'>cognovit3</span> <span class='ocrx_word' id='word_1_26' title='bbox 1641 437 1708 467; x_wconf 75' lang='lat' dir='ltr'><em>hello</em></span> <span class='ocrx_word' id='word_1_27' title='bbox 1721 439 1827 466; x_wconf 75' lang='lat' dir='ltr'>adver-</span> 
     </span>
     <span class='ocr_line' id='line_1_5' title="bbox 181 481 1835 542; baseline 0.002 -18"><span class='ocrx_word' id='word_1_28' title='bbox 181 484 286 524; x_wconf 73' lang='lat' dir='ltr'>ultro</span> <span class='ocrx_word' id='word_1_29' title='bbox 320 500 367 525; x_wconf 88' lang='lat' dir='ltr'>ea</span> <span class='ocrx_word' id='word_1_30' title='bbox 398 485 600 525; x_wconf 77' lang='lat' dir='ltr'>militibus</span> <span class='ocrx_word' id='word_1_31' title='bbox 631 486 714 526; x_wconf 86' lang='lat' dir='ltr'>suis</span> <span class='ocrx_word' id='word_1_32' title='bbox 748 486 957 538; x_wconf 81' lang='lat' dir='ltr'>indicavit,</span> <span class='ocrx_word' id='word_1_33' title='bbox 987 502 1036 526; x_wconf 90' lang='lat' dir='ltr'>ne</span> <span class='ocrx_word' id='word_1_34' title='bbox 1067 488 1177 527; x_wconf 83' lang='lat' dir='ltr'>fama</span> <span class='ocrx_word' id='word_1_35' title='bbox 1210 497 1277 527; x_wconf 89' lang='lat' dir='ltr'>aut</span> <span class='ocrx_word' id='word_1_36' title='bbox 1308 503 1396 528; x_wconf 89' lang='lat' dir='ltr'>rem</span> <span class='ocrx_word' id='word_1_37' title='bbox 1425 488 1466 527; x_wconf 92' lang='lat' dir='ltr'>in</span> <span class='ocrx_word' id='word_1_38' title='bbox 1497 489 1686 542; x_wconf 70' lang='lat' dir='ltr'>majus⁵¹“</span> <span class='ocrx_word' id='word_1_39' title='bbox 1709 481 1835 529; x_wconf 68' lang='lat' dir='ltr'>A&#39;¹²¹f.·&#39;⁰‘</span> 
     </span>
     <span class='ocr_line' id='line_1_6' title="bbox 178 525 1808 595; baseline 0.001 -14.004"><span class='ocrx_word' id='word_1_40' title='bbox 178 542 407 594; x_wconf 72' lang='lat' dir='ltr'>extolleret,</span> <span class='ocrx_word' id='word_1_41' title='bbox 434 553 499 583; x_wconf 88' lang='lat' dir='ltr'>aut</span> <span class='ocrx_word' id='word_1_42' title='bbox 519 542 700 583; x_wconf 79' lang='lat' dir='ltr'>militum</span> <span class='ocrx_word' id='word_1_43' title='bbox 720 545 875 584; x_wconf 84' lang='lat' dir='ltr'>animos</span> <span class='ocrx_word' id='word_1_44' title='bbox 895 559 1031 584; x_wconf 70' lang='lat' dir='ltr'>retum</span> <span class='ocrx_word' id='word_1_45' title='bbox 1059 561 1140 586; x_wconf 67' lang='lat' dir='ltr'>nox</span> <span class='ocrx_word' id='word_1_46' title='bbox 1144 544 1243 586; x_wconf 87' lang='lat' dir='ltr'>itate</span> <span class='ocrx_word' id='word_1_47' title='bbox 1264 554 1453 595; x_wconf 83' lang='lat' dir='ltr'>terreret3</span> <span class='ocrx_word' id='word_1_48' title='bbox 1477 549 1491 566; x_wconf 79' lang='lat'>²</span> <span class='ocrx_word' id='word_1_49' title='bbox 1505 547 1652 594; x_wconf 87' lang='lat' dir='ltr'>simul</span> <span class='ocrx_word' id='word_1_50' title='bbox 1642 525 1780 563; x_wconf 55' lang='lat' dir='ltr'><em>&#39;&#39;umfln</em></span> <span class='ocrx_word' id='word_1_51' title='bbox 1783 525 1808 551; x_wconf 85' lang='lat'><em>¹</em></span> 
     </span>
     <span class='ocr_line' id='line_1_7' title="bbox 179 569 1835 658; baseline 0.001 -16"><span class='ocrx_word' id='word_1_52' title='bbox 179 608 238 650; x_wconf 82' lang='lat' dir='ltr'>ut,</span> <span class='ocrx_word' id='word_1_53' title='bbox 259 604 464 655; x_wconf 84' lang='lat' dir='ltr'>quomodo</span> <span class='ocrx_word' id='word_1_54' title='bbox 501 601 607 641; x_wconf 81' lang='lat' dir='ltr'>circa</span> <span class='ocrx_word' id='word_1_55' title='bbox 639 617 679 642; x_wconf 89' lang='lat' dir='ltr'>se</span> <span class='ocrx_word' id='word_1_56' title='bbox 715 601 882 642; x_wconf 86' lang='lat' dir='ltr'>animati</span> <span class='ocrx_word' id='word_1_57' title='bbox 908 612 1051 652; x_wconf 81' lang='lat' dir='ltr'>essent,</span> <span class='ocrx_word' id='word_1_58' title='bbox 1084 612 1356 658; x_wconf 88' lang='lat' dir='ltr'>coonosceret,</span> <span class='ocrx_word' id='word_1_59' title='bbox 1393 613 1655 657; x_wconf 81' lang='lat' dir='ltr'>sumpturus</span> <span class='ocrx_word' id='word_1_60' title='bbox 1642 569 1835 638; x_wconf 33' lang='lat' dir='ltr'>&amp;5¹31ssssssss</span> 
     </span>
    </p>
   </div>
   <div class='ocr_carea' id='block_1_3' title="bbox 179 653 1834 776">
    <p class='ocr_par' dir='ltr' id='par_1_4' title="bbox 179 653 1834 776">
     <span class='ocr_line' id='line_1_8' title="bbox 179 653 1834 724; baseline 0.001 -27"><span class='ocrx_word' id='word_1_61' title='bbox 179 660 400 700; x_wconf 80' lang='lat' dir='ltr'>consilium</span> <span class='ocrx_word' id='word_1_62' title='bbox 422 675 473 699; x_wconf 79' lang='lat' dir='ltr'>ex</span> <span class='ocrx_word' id='word_1_63' title='bbox 494 670 604 699; x_wconf 89' lang='lat' dir='ltr'>motu</span> <span class='ocrx_word' id='word_1_64' title='bbox 630 659 929 700; x_wconf 77' lang='lat' dir='ltr'>universorum.</span> <span class='ocrx_word' id='word_1_65' title='bbox 992 662 1231 702; x_wconf 60' lang='lat' dir='ltr'>Constantes</span> <span class='ocrx_word' id='word_1_66' title='bbox 1261 670 1399 702; x_wconf 84' lang='lat' dir='ltr'>tamen</span> <span class='ocrx_word' id='word_1_67' title='bbox 1434 663 1628 715; x_wconf 81' lang='lat' dir='ltr'>praefatus</span> <span class='ocrx_word' id='word_1_68' title='bbox 1641 653 1834 724; x_wconf 49' lang='grc' dir='ltr'>ῧι·ὴ1ἑ44ξέ</span> 
     </span>
     <span class='ocr_line' id='line_1_9' title="bbox 180 717 1832 776; baseline 0.003 -20"><span class='ocrx_word' id='word_1_69' title='bbox 180 725 257 767; x_wconf 82' lang='lat' dir='ltr'>est,</span> <span class='ocrx_word' id='word_1_70' title='bbox 286 717 322 758; x_wconf 86' lang='lat' dir='ltr'>si</span> <span class='ocrx_word' id='word_1_71' title='bbox 349 719 413 758; x_wconf 81' lang='lat' dir='ltr'>cui</span> <span class='ocrx_word' id='word_1_72' title='bbox 439 721 475 758; x_wconf 80' lang='grc' dir='ltr'>Ιι</span> <span class='ocrx_word' id='word_1_73' title='bbox 479 733 519 758; x_wconf 74' lang='lat' dir='ltr'>cc</span> <span class='ocrx_word' id='word_1_74' title='bbox 549 729 629 757; x_wconf 66' lang='grc' dir='ltr'>«ων</span> <span class='ocrx_word' id='word_1_75' title='bbox 632 734 688 758; x_wconf 83' lang='lat'>012</span> <span class='ocrx_word' id='word_1_76' title='bbox 719 734 765 757; x_wconf 79' lang='lat' dir='ltr'>es</span> <span class='ocrx_word' id='word_1_77' title='bbox 761 728 848 769; x_wconf 80' lang='lat' dir='ltr'>ent,</span> <span class='ocrx_word' id='word_1_78' title='bbox 877 718 1013 760; x_wconf 75' lang='lat' dir='ltr'>Labere</span> <span class='ocrx_word' id='word_1_79' title='bbox 1043 735 1121 759; x_wconf 75' lang='lat' dir='ltr'>cum</span> <span class='ocrx_word' id='word_1_80' title='bbox 1150 720 1362 760; x_wconf 82' lang='lat' dir='ltr'>discedendi</span> <span class='ocrx_word' id='word_1_81' title='bbox 1386 730 1626 776; x_wconf 80' lang='lat' dir='ltr'>potestatem.</span> <span class='ocrx_word' id='word_1_82' title='bbox 1639 737 1832 768; x_wconf 59' lang='lat' dir='ltr'>AntCsls.</span> 
     </span>
    </p>
   </div>
   <div class='ocr_carea' id='block_1_4' title="bbox 170 775 1639 2230">
    <p class='ocr_par' dir='ltr' id='par_1_5' title="bbox 170 775 1639 2103">
     <span class='ocr_line' id='line_1_10' title="bbox 180 775 1628 830; baseline 0.003 -15"><span class='ocrx_word' id='word_1_83' title='bbox 180 775 275 829; x_wconf 65' lang='lat' dir='ltr'>Qua</span> <span class='ocrx_word' id='word_1_84' title='bbox 300 792 399 816; x_wconf 81' lang='lat' dir='ltr'>voce</span> <span class='ocrx_word' id='word_1_85' title='bbox 423 777 519 816; x_wconf 72' lang='lat' dir='ltr'>adeo</span> <span class='ocrx_word' id='word_1_86' title='bbox 539 787 703 817; x_wconf 85' lang='lat' dir='ltr'>cunctos</span> <span class='ocrx_word' id='word_1_87' title='bbox 731 776 773 815; x_wconf 88' lang='lat' dir='ltr'>in</span> <span class='ocrx_word' id='word_1_88' title='bbox 794 777 975 817; x_wconf 84' lang='lat' dir='ltr'>studium</span> <span class='ocrx_word' id='word_1_89' title='bbox 1004 778 1180 830; x_wconf 83' lang='lat' dir='ltr'>partium</span> <span class='ocrx_word' id='word_1_90' title='bbox 1200 793 1366 818; x_wconf 81' lang='lat' dir='ltr'>suarum</span> <span class='ocrx_word' id='word_1_91' title='bbox 1386 777 1564 830; x_wconf 82' lang='lat' dir='ltr'>induxit,</span> <span class='ocrx_word' id='word_1_92' title='bbox 1583 788 1628 819; x_wconf 87' lang='lat' dir='ltr'>ut</span> 
     </span>
     <span class='ocr_line' id='line_1_11' title="bbox 178 834 1629 890; baseline 0.003 -17"><span class='ocrx_word' id='word_1_93' title='bbox 178 834 288 874; x_wconf 74' lang='lat' dir='ltr'>ultio</span> <span class='ocrx_word' id='word_1_94' title='bbox 327 835 446 874; x_wconf 78' lang='lat' dir='ltr'>illum</span> <span class='ocrx_word' id='word_1_95' title='bbox 481 849 620 875; x_wconf 84' lang='lat' dir='ltr'>onmes</span> <span class='ocrx_word' id='word_1_96' title='bbox 649 836 918 885; x_wconf 78' lang='lat' dir='ltr'><strong>hortarentur,</strong></span> <span class='ocrx_word' id='word_1_97' title='bbox 954 835 1241 890; x_wconf 65' lang='lat' dir='ltr'>rescissuvo‘sque</span> <span class='ocrx_word' id='word_1_98' title='bbox 1269 852 1306 876; x_wconf 87' lang='lat' dir='ltr'>se</span> <span class='ocrx_word' id='word_1_99' title='bbox 1328 837 1448 890; x_wconf 85' lang='lat' dir='ltr'>ferro</span> <span class='ocrx_word' id='word_1_100' title='bbox 1476 839 1629 878; x_wconf 80' lang='lat' dir='ltr'>decreta</span> 
     </span>
     <span class='ocr_line' id='line_1_12' title="bbox 183 892 1627 948; baseline 0.002 -15"><span class='ocrx_word' id='word_1_101' title='bbox 183 892 444 933; x_wconf 78' lang='lat' dir='ltr'><em>Macedonum</em></span> <span class='ocrx_word' id='word_1_102' title='bbox 489 893 745 933; x_wconf 79' lang='lat' dir='ltr'>affirmarent.</span> <span class='ocrx_word' id='word_1_103' title='bbox 821 894 944 933; x_wconf 88' lang='lat' dir='ltr'>Tunc</span> <span class='ocrx_word' id='word_1_104' title='bbox 973 894 1154 934; x_wconf 79' lang='lat' dir='ltr'>exercitu</span> <span class='ocrx_word' id='word_1_105' title='bbox 1194 893 1267 933; x_wconf 84' lang='lat' dir='ltr'>¹in</span> <span class='ocrx_word' id='word_1_106' title='bbox 1299 895 1501 936; x_wconf 84' lang='lat' dir='ltr'>AEtoliam</span> <span class='ocrx_word' id='word_1_107' title='bbox 1530 910 1627 948; x_wconf 87' lang='lat' dir='ltr'>pro-</span> 
     </span>
     <span class='ocr_line' id='line_1_13' title="bbox 181 950 1630 1006; baseline 0.002 -15"><span class='ocrx_word' id='word_1_108' title='bbox 181 963 310 1002; x_wconf 80' lang='lat' dir='ltr'>moto,</span> <span class='ocrx_word' id='word_1_109' title='bbox 331 950 524 1004; x_wconf 84' lang='lat' dir='ltr'>pecunias</span> <span class='ocrx_word' id='word_1_110' title='bbox 542 951 776 991; x_wconf 87' lang='lat' dir='ltr'>civitatibus</span> <span class='ocrx_word' id='word_1_111' title='bbox 797 950 997 1005; x_wconf 82' lang='lat' dir='ltr'>imperat3</span> <span class='ocrx_word' id='word_1_112' title='bbox 1028 960 1258 992; x_wconf 79' lang='lat' dir='ltr'><strong>recusantes</strong></span> <span class='ocrx_word' id='word_1_113' title='bbox 1289 955 1399 1006; x_wconf 84' lang='lat' dir='ltr'>dare,</span> <span class='ocrx_word' id='word_1_114' title='bbox 1428 952 1630 994; x_wconf 86' lang='lat' dir='ltr'>hostiliter</span> 
     </span>
     <span class='ocr_line' id='line_1_14' title="bbox 182 1008 1630 1080; baseline 0.001 -30"><span class='ocrx_word' id='word_1_115' title='bbox 182 1009 340 1063; x_wconf 85' lang='lat' dir='ltr'>diripit.</span> <span class='ocrx_word' id='word_1_116' title='bbox 403 1008 500 1050; x_wconf 89' lang='lat' dir='ltr'>Inde</span> <span class='ocrx_word' id='word_1_117' title='bbox 534 1010 706 1050; x_wconf 77' lang='lat' dir='ltr'>²Saides</span> <span class='ocrx_word' id='word_1_118' title='bbox 740 1010 944 1062; x_wconf 81' lang='lat' dir='ltr'>profectus</span> <span class='ocrx_word' id='word_1_119' title='bbox 972 1019 1032 1050; x_wconf 83' lang='lat' dir='ltr'>est</span> <span class='ocrx_word' id='word_1_120' title='bbox 1062 1013 1111 1050; x_wconf 87' lang='lat' dir='ltr'>ad</span> <span class='ocrx_word' id='word_1_121' title='bbox 1144 1012 1418 1080; x_wconf 85' lang='lat' dir='ltr'>Cleopatram,</span> <span class='ocrx_word' id='word_1_122' title='bbox 1448 1026 1630 1052; x_wconf 89' lang='lat' dir='ltr'>sororem</span> 
     </span>
     <span class='ocr_line' id='line_1_15' title="bbox 183 1066 1632 1124; baseline -0.001 -16"><span class='ocrx_word' id='word_1_123' title='bbox 183 1066 414 1108; x_wconf 82' lang='lat' dir='ltr'>Alexandri</span> <span class='ocrx_word' id='word_1_124' title='bbox 445 1066 599 1121; x_wconf 76' lang='lat' dir='ltr'>magni,</span> <span class='ocrx_word' id='word_1_125' title='bbox 631 1078 675 1107; x_wconf 85' lang='lat' dir='ltr'>ut</span> <span class='ocrx_word' id='word_1_126' title='bbox 701 1067 788 1121; x_wconf 87' lang='lat' dir='ltr'>ejus</span> <span class='ocrx_word' id='word_1_127' title='bbox 800 1083 905 1108; x_wconf 84' lang='lat' dir='ltr'>voce</span> <span class='ocrx_word' id='word_1_128' title='bbox 932 1069 1185 1110; x_wconf 83' lang='lat' dir='ltr'>centuriones</span> <span class='ocrx_word' id='word_1_129' title='bbox 1214 1068 1502 1124; x_wconf 76' lang='lat' dir='ltr'>principesque</span> <span class='ocrx_word' id='word_1_130' title='bbox 1533 1085 1632 1110; x_wconf 86' lang='lat' dir='ltr'>con-</span> 
     </span>
     <span class='ocr_line' id='line_1_16' title="bbox 183 1124 1631 1182; baseline 0.001 -16"><span class='ocrx_word' id='word_1_131' title='bbox 183 1126 376 1174; x_wconf 87' lang='lat' dir='ltr'>firmaret,</span> <span class='ocrx_word' id='word_1_132' title='bbox 417 1124 751 1166; x_wconf 73' lang='lat' dir='ltr'>bexistimaturos</span> <span class='ocrx_word' id='word_1_133' title='bbox 783 1125 843 1166; x_wconf 87' lang='lat' dir='ltr'>ibi</span> <span class='ocrx_word' id='word_1_134' title='bbox 884 1127 1134 1179; x_wconf 79' lang='lat' dir='ltr'>majestatem</span> <span class='ocrx_word' id='word_1_135' title='bbox 1175 1125 1330 1182; x_wconf 88' lang='lat' dir='ltr'>regiam</span> <span class='ocrx_word' id='word_1_136' title='bbox 1367 1127 1485 1179; x_wconf 84' lang='lat' dir='ltr'>verti,</span> <span class='ocrx_word' id='word_1_137' title='bbox 1522 1129 1631 1168; x_wconf 88' lang='lat' dir='ltr'>unde</span> 
     </span>
     <span class='ocr_line' id='line_1_17' title="bbox 184 1183 1632 1240; baseline 0 -14"><span class='ocrx_word' id='word_1_138' title='bbox 184 1199 297 1226; x_wconf 88' lang='lat' dir='ltr'>soror</span> <span class='ocrx_word' id='word_1_139' title='bbox 316 1183 543 1224; x_wconf 78' lang='lat' dir='ltr'><strong>Alexandri</strong></span> <span class='ocrx_word' id='word_1_140' title='bbox 563 1191 699 1223; x_wconf 85' lang='lat' dir='ltr'>staret.</span> <span class='ocrx_word' id='word_1_141' title='bbox 761 1190 777 1208; x_wconf 75' lang='lat'>‘³</span> <span class='ocrx_word' id='word_1_142' title='bbox 792 1184 925 1224; x_wconf 83' lang='lat' dir='ltr'>Tanta</span> <span class='ocrx_word' id='word_1_143' title='bbox 944 1184 1151 1225; x_wconf 81' lang='lat' dir='ltr'>veneratio</span> <span class='ocrx_word' id='word_1_144' title='bbox 1177 1185 1470 1240; x_wconf 86' lang='lat' dir='ltr'>magnitudinis</span> <span class='ocrx_word' id='word_1_145' title='bbox 1495 1187 1632 1226; x_wconf 81' lang='lat' dir='ltr'>Alex-</span> 
     </span>
     <span class='ocr_line' id='line_1_18' title="bbox 184 1240 1632 1297; baseline 0 -13"><span class='ocrx_word' id='word_1_146' title='bbox 184 1242 303 1284; x_wconf 81' lang='lat' dir='ltr'>andri</span> <span class='ocrx_word' id='word_1_147' title='bbox 319 1253 418 1292; x_wconf 82' lang='lat' dir='ltr'>erat,</span> <span class='ocrx_word' id='word_1_148' title='bbox 438 1252 481 1282; x_wconf 90' lang='lat' dir='ltr'>ut</span> <span class='ocrx_word' id='word_1_149' title='bbox 497 1240 620 1281; x_wconf 83' lang='lat' dir='ltr'>etiam</span> <span class='ocrx_word' id='word_1_150' title='bbox 640 1256 712 1295; x_wconf 85' lang='lat' dir='ltr'>per</span> <span class='ocrx_word' id='word_1_151' title='bbox 727 1242 901 1297; x_wconf 83' lang='lat' dir='ltr'>vestigia</span> <span class='ocrx_word' id='word_1_152' title='bbox 921 1241 1140 1282; x_wconf 81' lang='lat' dir='ltr'>mulierum</span> <span class='ocrx_word' id='word_1_153' title='bbox 1161 1244 1277 1291; x_wconf 76' lang='lat' dir='ltr'>favor</span> <span class='ocrx_word' id='word_1_154' title='bbox 1289 1242 1432 1283; x_wconf 83' lang='lat' dir='ltr'>sacrati</span> <span class='ocrx_word' id='word_1_155' title='bbox 1451 1244 1539 1297; x_wconf 90' lang='lat' dir='ltr'>ejus</span> <span class='ocrx_word' id='word_1_156' title='bbox 1557 1259 1632 1284; x_wconf 83' lang='lat' dir='ltr'>no·-</span> 
     </span>
     <span class='ocr_line' id='line_1_19' title="bbox 184 1299 1632 1355; baseline 0.001 -14"><span class='ocrx_word' id='word_1_157' title='bbox 184 1300 308 1342; x_wconf 87' lang='lat' dir='ltr'>minis</span> <span class='ocrx_word' id='word_1_158' title='bbox 323 1308 584 1355; x_wconf 86' lang='lat' dir='ltr'>quaereretur.</span> <span class='ocrx_word' id='word_1_159' title='bbox 649 1299 760 1340; x_wconf 73' lang='lat' dir='ltr'>Cum</span> <span class='ocrx_word' id='word_1_160' title='bbox 779 1315 963 1341; x_wconf 89' lang='lat' dir='ltr'>reversus</span> <span class='ocrx_word' id='word_1_161' title='bbox 979 1300 1024 1340; x_wconf 89' lang='lat' dir='ltr'>in</span> <span class='ocrx_word' id='word_1_162' title='bbox 1050 1311 1178 1341; x_wconf 80' lang='lat' dir='ltr'>castra</span> <span class='ocrx_word' id='word_1_163' title='bbox 1199 1311 1316 1351; x_wconf 87' lang='lat' dir='ltr'>esset,</span> <span class='ocrx_word' id='word_1_164' title='bbox 1335 1302 1515 1354; x_wconf 81' lang='lat' dir='ltr'>epistolae</span> <span class='ocrx_word' id='word_1_165' title='bbox 1537 1303 1632 1343; x_wconf 86' lang='lat' dir='ltr'>totis</span> 
     </span>
     <span class='ocr_line' id='line_1_20' title="bbox 184 1357 1633 1414; baseline 0.001 -14"><span class='ocrx_word' id='word_1_166' title='bbox 184 1359 325 1402; x_wconf 86' lang='lat' dir='ltr'>castris</span> <span class='ocrx_word' id='word_1_167' title='bbox 355 1360 521 1412; x_wconf 78' lang='lat' dir='ltr'>abjectae</span> <span class='ocrx_word' id='word_1_168' title='bbox 551 1357 838 1400; x_wconf 85' lang='lat' dir='ltr'>inveniuntur:</span> <span class='ocrx_word' id='word_1_169' title='bbox 870 1358 1048 1413; x_wconf 85' lang='lat' dir='ltr'>quibus</span> <span class='ocrx_word' id='word_1_170' title='bbox 1039 1359 1103 1408; x_wconf 80' lang='lat' dir='ltr'>lis,</span> <span class='ocrx_word' id='word_1_171' title='bbox 1124 1359 1196 1414; x_wconf 87' lang='lat' dir='ltr'>qui</span> <span class='ocrx_word' id='word_1_172' title='bbox 1217 1359 1419 1400; x_wconf 85' lang='lat' dir='ltr'>Eumenis</span> <span class='ocrx_word' id='word_1_173' title='bbox 1441 1369 1560 1414; x_wconf 84' lang='lat' dir='ltr'>caput</span> <span class='ocrx_word' id='word_1_174' title='bbox 1581 1363 1633 1402; x_wconf 80' lang='lat' dir='ltr'>ad</span> 
     </span>
     <span class='ocr_line' id='line_1_21' title="bbox 184 1416 1633 1483; baseline 0 -25"><span class='ocrx_word' id='word_1_175' title='bbox 184 1417 450 1483; x_wconf 79' lang='lat' dir='ltr'>Antigonum</span> <span class='ocrx_word' id='word_1_176' title='bbox 488 1416 738 1467; x_wconf 84' lang='lat' dir='ltr'>detulissent‚</span> <span class='ocrx_word' id='word_1_177' title='bbox 777 1431 924 1482; x_wconf 80' lang='lat' dir='ltr'>magna</span> <span class='ocrx_word' id='word_1_178' title='bbox 965 1417 1134 1482; x_wconf 79' lang='lat' dir='ltr'>praemia</span> <span class='ocrx_word' id='word_1_179' title='bbox 1172 1417 1477 1458; x_wconf 88' lang='lat' dir='ltr'>definiebantur.</span> <span class='ocrx_word' id='word_1_180' title='bbox 1553 1418 1633 1459; x_wconf 91' lang='lat' dir='ltr'>His</span> 
     </span>
     <span class='ocr_line' id='line_1_22' title="bbox 185 1474 1638 1542; baseline -0.001 -25"><span class='ocrx_word' id='word_1_181' title='bbox 185 1475 376 1542; x_wconf 79' lang='lat' dir='ltr'>cognitis,</span> <span class='ocrx_word' id='word_1_182' title='bbox 421 1476 630 1516; x_wconf 86' lang='lat' dir='ltr'>Eumenes</span> <span class='ocrx_word' id='word_1_183' title='bbox 670 1474 824 1515; x_wconf 76' lang='lat' dir='ltr'>vocatis</span> <span class='ocrx_word' id='word_1_184' title='bbox 875 1477 924 1515; x_wconf 88' lang='lat' dir='ltr'>ad</span> <span class='ocrx_word' id='word_1_185' title='bbox 963 1491 1076 1516; x_wconf 66' lang='lat' dir='ltr'>cone}</span> <span class='ocrx_word' id='word_1_186' title='bbox 1082 1491 1201 1531; x_wconf 85' lang='lat' dir='ltr'>onem</span> <span class='ocrx_word' id='word_1_187' title='bbox 1240 1475 1460 1527; x_wconf 77' lang='lat' dir='ltr'>militibus,</span> <span class='ocrx_word' id='word_1_188' title='bbox 1498 1475 1638 1542; x_wconf 71' lang='lat' dir='ltr'>primo</span> 
     </span>
     <span class='ocr_line' id='line_1_23' title="bbox 185 1533 1638 1591; baseline -0.001 -16"><span class='ocrx_word' id='word_1_189' title='bbox 185 1535 334 1591; x_wconf 75' lang='lat' dir='ltr'>gratias</span> <span class='ocrx_word' id='word_1_190' title='bbox 365 1534 464 1589; x_wconf 74' lang='lat' dir='ltr'>agit,</span> <span class='ocrx_word' id='word_1_191' title='bbox 493 1534 594 1588; x_wconf 74' lang='lat' dir='ltr'>quod</span> <span class='ocrx_word' id='word_1_192' title='bbox 620 1549 721 1574; x_wconf 80' lang='lat' dir='ltr'>nemo</span> <span class='ocrx_word' id='word_1_193' title='bbox 750 1543 920 1574; x_wconf 82' lang='lat' dir='ltr'>znventus</span> <span class='ocrx_word' id='word_1_194' title='bbox 947 1545 1049 1584; x_wconf 82' lang='lat' dir='ltr'>esset,</span> <span class='ocrx_word' id='word_1_195' title='bbox 1079 1533 1147 1588; x_wconf 75' lang='lat' dir='ltr'>qui</span> <span class='ocrx_word' id='word_1_196' title='bbox 1171 1543 1270 1589; x_wconf 85' lang='lat' dir='ltr'>spem</span> <span class='ocrx_word' id='word_1_197' title='bbox 1310 1534 1460 1575; x_wconf 82' lang='lat' dir='ltr'>cruenti</span> <span class='ocrx_word' id='word_1_198' title='bbox 1476 1534 1638 1589; x_wconf 63' lang='lat' dir='ltr'>praemii</span> 
     </span>
     <span class='ocr_line' id='line_1_24' title="bbox 170 1591 1637 1648; baseline -0.002 -14"><span class='ocrx_word' id='word_1_199' title='bbox 170 1593 277 1647; x_wconf 81' lang='lat' dir='ltr'>fidei</span> <span class='ocrx_word' id='word_1_200' title='bbox 305 1591 536 1633; x_wconf 61' lang='lat' dir='ltr'>sacr-&#39;amena</span> <span class='ocrx_word' id='word_1_201' title='bbox 566 1601 829 1648; x_wconf 77' lang='lat' dir='ltr'>anteponeret:</span> <span class='ocrx_word' id='word_1_202' title='bbox 861 1591 1004 1632; x_wconf 89' lang='lat' dir='ltr'>deinde</span> <span class='ocrx_word' id='word_1_203' title='bbox 1035 1591 1182 1632; x_wconf 78' lang='lat' dir='ltr'>callide</span> <span class='ocrx_word' id='word_1_204' title='bbox 1212 1593 1427 1644; x_wconf 88' lang='lat' dir='ltr'>subnectit,</span> <span class='ocrx_word' id='word_1_205' title='bbox 1457 1592 1637 1646; x_wconf 74' lang='lat' dir='ltr'>corfictas</span> 
     </span>
     <span class='ocr_line' id='line_1_25' title="bbox 186 1649 1636 1706; baseline -0.001 -15"><span class='ocrx_word' id='word_1_206' title='bbox 186 1653 257 1696; x_wconf 83' lang='lat' dir='ltr'>has</span> <span class='ocrx_word' id='word_1_207' title='bbox 279 1667 305 1692; x_wconf 86' lang='lat' dir='ltr'>a</span> <span class='ocrx_word' id='word_1_208' title='bbox 330 1667 366 1690; x_wconf 83' lang='lat' dir='ltr'>se</span> <span class='ocrx_word' id='word_1_209' title='bbox 395 1650 566 1706; x_wconf 74' lang='lat' dir='ltr'>epasto&#39;ar</span> <span class='ocrx_word' id='word_1_210' title='bbox 595 1651 648 1691; x_wconf 86' lang='lat' dir='ltr'>ad</span> <span class='ocrx_word' id='word_1_211' title='bbox 673 1649 906 1706; x_wconf 59' lang='lat' dir='ltr'>experiendos</span> <span class='ocrx_word' id='word_1_212' title='bbox 936 1665 1084 1691; x_wconf 76' lang='lat' dir='ltr'>sumum</span> <span class='ocrx_word' id='word_1_213' title='bbox 1113 1650 1255 1691; x_wconf 81' lang='lat' dir='ltr'>animos</span> <span class='ocrx_word' id='word_1_214' title='bbox 1283 1666 1368 1690; x_wconf 80' lang='lat' dir='ltr'>esse.</span> <span class='ocrx_word' id='word_1_215' title='bbox 1433 1649 1636 1700; x_wconf 63' lang='lat' dir='ltr'>Caeterdm,</span> 
     </span>
     <span class='ocr_line' id='line_1_26' title="bbox 186 1707 1636 1773; baseline -0.002 -22"><span class='ocrx_word' id='word_1_216' title='bbox 186 1710 346 1752; x_wconf 67' lang='lat' dir='ltr'>salutem</span> <span class='ocrx_word' id='word_1_217' title='bbox 364 1723 470 1749; x_wconf 82' lang='lat' dir='ltr'>suam</span> <span class='ocrx_word' id='word_1_218' title='bbox 489 1724 528 1748; x_wconf 82' lang='lat' dir='ltr'>m</span> <span class='ocrx_word' id='word_1_219' title='bbox 547 1707 707 1748; x_wconf 72' lang='lat' dir='ltr'>omnium</span> <span class='ocrx_word' id='word_1_220' title='bbox 732 1717 917 1763; x_wconf 81' lang='lat' dir='ltr'>potestate</span> <span class='ocrx_word' id='word_1_221' title='bbox 945 1723 1044 1758; x_wconf 84' lang='lat' dir='ltr'>esse,·</span> <span class='ocrx_word' id='word_1_222' title='bbox 1073 1724 1137 1749; x_wconf 75' lang='lat' dir='ltr'>nec</span> <span class='ocrx_word' id='word_1_223' title='bbox 1155 1708 1405 1763; x_wconf 80' lang='lat' dir='ltr'>Antigonum,</span> <span class='ocrx_word' id='word_1_224' title='bbox 1426 1724 1491 1748; x_wconf 84' lang='lat' dir='ltr'>nec</span> <span class='ocrx_word' id='word_1_225' title='bbox 1509 1723 1636 1773; x_wconf 62' lang='lat' dir='ltr'>qftem—</span> 
     </span>
     <span class='ocr_line' id='line_1_27' title="bbox 188 1765 1636 1831; baseline -0.002 -23"><span class='ocrx_word' id='word_1_226' title='bbox 188 1784 303 1825; x_wconf 79' lang='lat' dir='ltr'>quam</span> <span class='ocrx_word' id='word_1_227' title='bbox 332 1768 466 1807; x_wconf 82' lang='lat' dir='ltr'>ducum</span> <span class='ocrx_word' id='word_1_228' title='bbox 494 1765 549 1805; x_wconf 83' lang='lat' dir='ltr'>sic</span> <span class='ocrx_word' id='word_1_229' title='bbox 582 1767 676 1807; x_wconf 79' lang='lat' dir='ltr'>velle</span> <span class='ocrx_word' id='word_1_230' title='bbox 703 1782 834 1807; x_wconf 83' lang='lat' dir='ltr'>vmcer</span> <span class='ocrx_word' id='word_1_231' title='bbox 835 1783 869 1818; x_wconf 75' lang='lat' dir='ltr'>e,</span> <span class='ocrx_word' id='word_1_232' title='bbox 897 1776 939 1806; x_wconf 82' lang='lat' dir='ltr'>ut</span> <span class='ocrx_word' id='word_1_233' title='bbox 969 1767 1046 1823; x_wconf 69' lang='lat' dir='ltr'>z&#39;JJse</span> <span class='ocrx_word' id='word_1_234' title='bbox 1074 1783 1113 1806; x_wconf 85' lang='lat' dir='ltr'>m</span> <span class='ocrx_word' id='word_1_235' title='bbox 1143 1783 1179 1806; x_wconf 86' lang='lat' dir='ltr'>se</span> <span class='ocrx_word' id='word_1_236' title='bbox 1210 1767 1414 1822; x_wconf 80' lang='lat' dir='ltr'>exemplum</span> <span class='ocrx_word' id='word_1_237' title='bbox 1433 1777 1636 1831; x_wconf 47' lang='lat' dir='ltr'>pessimum</span> 
     </span>
     <span class='ocr_line' id='line_1_28' title="bbox 187 1823 1639 1878; baseline -0.003 -9"><span class='ocrx_word' id='word_1_238' title='bbox 187 1836 351 1869; x_wconf 84' lang='lat' dir='ltr'>statuat.</span> <span class='ocrx_word' id='word_1_239' title='bbox 417 1825 507 1864; x_wconf 94' lang='lat' dir='ltr'>Hoc</span> <span class='ocrx_word' id='word_1_240' title='bbox 530 1824 654 1875; x_wconf 80' lang='lat' dir='ltr'>facto,</span> <span class='ocrx_word' id='word_1_241' title='bbox 673 1834 712 1865; x_wconf 89' lang='lat' dir='ltr'>et</span> <span class='ocrx_word' id='word_1_242' title='bbox 731 1824 773 1865; x_wconf 89' lang='lat' dir='ltr'>in</span> <span class='ocrx_word' id='word_1_243' title='bbox 803 1826 991 1878; x_wconf 81' lang='lat' dir='ltr'>praesenti</span> <span class='ocrx_word' id='word_1_244' title='bbox 1008 1824 1238 1865; x_wconf 84' lang='lat' dir='ltr'>labantium</span> <span class='ocrx_word' id='word_1_245' title='bbox 1273 1823 1430 1865; x_wconf 86' lang='lat' dir='ltr'>animos</span> <span class='ocrx_word' id='word_1_246' title='bbox 1457 1824 1639 1874; x_wconf 80' lang='lat' dir='ltr'>retinuit,</span> 
     </span>
     <span class='ocr_line' id='line_1_29' title="bbox 189 1882 1635 1939; baseline -0.003 -13"><span class='ocrx_word' id='word_1_247' title='bbox 189 1895 229 1926; x_wconf 90' lang='lat' dir='ltr'>et</span> <span class='ocrx_word' id='word_1_248' title='bbox 251 1886 291 1925; x_wconf 88' lang='lat' dir='ltr'>in</span> <span class='ocrx_word' id='word_1_249' title='bbox 313 1885 496 1924; x_wconf 85' lang='lat' dir='ltr'>futurum</span> <span class='ocrx_word' id='word_1_250' title='bbox 518 1882 713 1935; x_wconf 72' lang='lat' dir='ltr'>pr⁷oxidit‚</span> <span class='ocrx_word' id='word_1_251' title='bbox 742 1894 786 1923; x_wconf 88' lang='lat' dir='ltr'>ut</span> <span class='ocrx_word' id='word_1_252' title='bbox 807 1884 838 1923; x_wconf 89' lang='lat' dir='ltr'>si</span> <span class='ocrx_word' id='word_1_253' title='bbox 861 1883 961 1939; x_wconf 88' lang='lat' dir='ltr'>quid</span> <span class='ocrx_word' id='word_1_254' title='bbox 994 1883 1127 1924; x_wconf 87' lang='lat' dir='ltr'>simile</span> <span class='ocrx_word' id='word_1_255' title='bbox 1151 1882 1378 1934; x_wconf 85' lang='lat' dir='ltr'>accidisset,</span> <span class='ocrx_word' id='word_1_256' title='bbox 1409 1897 1490 1922; x_wconf 88' lang='lat' dir='ltr'>non</span> <span class='ocrx_word' id='word_1_257' title='bbox 1512 1897 1552 1922; x_wconf 90' lang='lat' dir='ltr'>se</span> <span class='ocrx_word' id='word_1_258' title='bbox 1584 1884 1635 1922; x_wconf 92' lang='lat' dir='ltr'>ab</span> 
     </span>
     <span class='ocr_line' id='line_1_30' title="bbox 189 1941 1639 1993; baseline -0.003 -8"><span class='ocrx_word' id='word_1_259' title='bbox 189 1947 304 1985; x_wconf 88' lang='lat' dir='ltr'>hoste</span> <span class='ocrx_word' id='word_1_260' title='bbox 335 1941 556 1993; x_wconf 85' lang='lat' dir='ltr'>corrumpi,</span> <span class='ocrx_word' id='word_1_261' title='bbox 586 1943 655 1980; x_wconf 88' lang='lat' dir='ltr'>sed</span> <span class='ocrx_word' id='word_1_262' title='bbox 687 1942 736 1981; x_wconf 91' lang='lat' dir='ltr'>ab</span> <span class='ocrx_word' id='word_1_263' title='bbox 771 1943 873 1982; x_wconf 89' lang='lat' dir='ltr'>duce</span> <span class='ocrx_word' id='word_1_264' title='bbox 913 1941 1057 1982; x_wconf 81' lang='lat' dir='ltr'>tentari</span> <span class='ocrx_word' id='word_1_265' title='bbox 1102 1941 1404 1982; x_wconf 84' lang='lat' dir='ltr'>arbitrarentur.</span> <span class='ocrx_word' id='word_1_266' title='bbox 1481 1941 1639 1981; x_wconf 86' lang='lat' dir='ltr'>Omnes</span> 
     </span>
     <span class='ocr_line' id='line_1_31' title="bbox 192 1998 1637 2058; baseline -0.003 -16"><span class='ocrx_word' id='word_1_267' title='bbox 192 2001 318 2058; x_wconf 88' lang='lat' dir='ltr'>igitur</span> <span class='ocrx_word' id='word_1_268' title='bbox 353 2013 519 2053; x_wconf 84' lang='lat' dir='ltr'>operam</span> <span class='ocrx_word' id='word_1_269' title='bbox 555 2013 672 2039; x_wconf 87' lang='lat' dir='ltr'>suam</span> <span class='ocrx_word' id='word_1_270' title='bbox 707 1999 892 2040; x_wconf 83' lang='lat' dir='ltr'>certatim</span> <span class='ocrx_word' id='word_1_271' title='bbox 922 2002 999 2040; x_wconf 77' lang='lat' dir='ltr'>³ad</span> <span class='ocrx_word' id='word_1_272' title='bbox 1029 1999 1255 2040; x_wconf 87' lang='lat' dir='ltr'>custodiam</span> <span class='ocrx_word' id='word_1_273' title='bbox 1286 1998 1424 2051; x_wconf 81' lang='lat' dir='ltr'>salutis</span> <span class='ocrx_word' id='word_1_274' title='bbox 1454 1998 1542 2053; x_wconf 86' lang='lat' dir='ltr'>ejus</span> <span class='ocrx_word' id='word_1_275' title='bbox 1573 1999 1637 2039; x_wconf 85' lang='lat' dir='ltr'>of-</span> 
     </span>
     <span class='ocr_line' id='line_1_32' title="bbox 189 2061 340 2103; baseline -0.007 -3"><span class='ocrx_word' id='word_1_276' title='bbox 189 2061 340 2103; x_wconf 80' lang='lat' dir='ltr'>ferunt.</span> 
     </span>
    </p>

    <p class='ocr_par' dir='ltr' id='par_1_6' title="bbox 191 2114 1639 2230">
     <span class='ocr_line' id='line_1_33' title="bbox 252 2114 1639 2171; baseline -0.002 -13"><span class='ocrx_word' id='word_1_277' title='bbox 252 2117 384 2158; x_wconf 88' lang='lat' dir='ltr'>CAP.</span> <span class='ocrx_word' id='word_1_278' title='bbox 407 2115 469 2156; x_wconf 88' lang='lat' dir='ltr'>II.</span> <span class='ocrx_word' id='word_1_279' title='bbox 503 2114 614 2154; x_wconf 68' lang='lat' dir='ltr'>Csim</span> <span class='ocrx_word' id='word_1_280' title='bbox 635 2114 797 2154; x_wconf 87' lang='lat' dir='ltr'>interim</span> <span class='ocrx_word' id='word_1_281' title='bbox 821 2115 1052 2171; x_wconf 85' lang='lat' dir='ltr'>Antigonus</span> <span class='ocrx_word' id='word_1_282' title='bbox 1072 2130 1165 2156; x_wconf 89' lang='lat' dir='ltr'>curn</span> <span class='ocrx_word' id='word_1_283' title='bbox 1185 2114 1370 2156; x_wconf 83' lang='lat' dir='ltr'>exercitu</span> <span class='ocrx_word' id='word_1_284' title='bbox 1389 2114 1639 2168; x_wconf 82' lang='lat' dir='ltr'>supervenit,</span> 
     </span>
     <span class='ocr_line' id='line_1_34' title="bbox 191 2173 1639 2230; baseline -0.003 -12"><span class='ocrx_word' id='word_1_285' title='bbox 191 2177 412 2230; x_wconf 80' lang='lat' dir='ltr'>castrisque</span> <span class='ocrx_word' id='word_1_286' title='bbox 433 2173 588 2227; x_wconf 85' lang='lat' dir='ltr'>positis,</span> <span class='ocrx_word' id='word_1_287' title='bbox 607 2174 766 2226; x_wconf 71' lang='lat' dir='ltr'>postera</span> <span class='ocrx_word' id='word_1_288' title='bbox 781 2173 846 2214; x_wconf 89' lang='lat' dir='ltr'>die</span> <span class='ocrx_word' id='word_1_289' title='bbox 869 2173 908 2214; x_wconf 88' lang='lat' dir='ltr'>in</span> <span class='ocrx_word' id='word_1_290' title='bbox 932 2173 1061 2214; x_wconf 85' lang='lat' dir='ltr'>aciem</span> <span class='ocrx_word' id='word_1_291' title='bbox 1081 2174 1276 2227; x_wconf 88' lang='lat' dir='ltr'>procedit.</span> <span class='ocrx_word' id='word_1_292' title='bbox 1316 2174 1362 2213; x_wconf 93' lang='lat' dir='ltr'>N</span> <span class='ocrx_word' id='word_1_293' title='bbox 1366 2189 1410 2214; x_wconf 90' lang='lat' dir='ltr'>ec</span> <span class='ocrx_word' id='word_1_294' title='bbox 1430 2174 1639 2215; x_wconf 84' lang='lat' dir='ltr'>Eumenes</span> 
     </span>
    </p>
   </div>
   <div class='ocr_carea' id='block_1_5' title="bbox 726 2261 1107 2292">
    <p class='ocr_par' dir='ltr' id='par_1_7' title="bbox 726 2261 1107 2292">
     <span class='ocr_line' id='line_1_35' title="bbox 726 2261 1107 2292; baseline 0.003 -1"><span class='ocrx_word' id='word_1_295' title='bbox 726 2261 1107 2292; x_wconf 84' lang='lat' dir='ltr'>INTERPRETATIO.</span> 
     </span>
    </p>
   </div>
   <div class='ocr_carea' id='block_1_6' title="bbox 192 2318 897 2439">
    <p class='ocr_par' dir='ltr' id='par_1_8' title="bbox 192 2318 897 2439">
     <span class='ocr_line' id='line_1_36' title="bbox 235 2318 897 2362; baseline -0.003 -11"><span class='ocrx_word' id='word_1_296' title='bbox 235 2320 252 2341; x_wconf 69' lang='lat'><strong><em>³</em></strong></span> <span class='ocrx_word' id='word_1_297' title='bbox 273 2323 312 2359; x_wconf 82' lang='lat' dir='ltr'>Ul</span> <span class='ocrx_word' id='word_1_298' title='bbox 330 2326 499 2362; x_wconf 75' lang='lat' dir='ltr'>cognosceret</span> <span class='ocrx_word' id='word_1_299' title='bbox 518 2333 554 2351; x_wconf 84' lang='lat' dir='ltr'>an</span> <span class='ocrx_word' id='word_1_300' title='bbox 569 2319 683 2351; x_wconf 79' lang='lat' dir='ltr'>milites</span> <span class='ocrx_word' id='word_1_301' title='bbox 703 2318 767 2350; x_wconf 65' lang='lat' dir='ltr'>ben?</span> <span class='ocrx_word' id='word_1_302' title='bbox 778 2320 854 2349; x_wconf 78' lang='lat' dir='ltr'>circa</span> <span class='ocrx_word' id='word_1_303' title='bbox 868 2332 897 2349; x_wconf 86' lang='lat' dir='ltr'>se</span> 
     </span>
     <span class='ocr_line' id='line_1_37' title="bbox 192 2365 895 2406; baseline -0.004 -11"><span class='ocrx_word' id='word_1_304' title='bbox 192 2367 288 2406; x_wconf 68' lang='lat' dir='ltr'>officii</span> <span class='ocrx_word' id='word_1_305' title='bbox 303 2378 367 2394; x_wconf 68' lang='lat' dir='ltr'>eum</span> <span class='ocrx_word' id='word_1_306' title='bbox 360 2373 401 2400; x_wconf 70' lang='grc'>’,1</span> <span class='ocrx_word' id='word_1_307' title='bbox 422 2371 447 2393; x_wconf 76' lang='lat' dir='ltr'>ct</span> <span class='ocrx_word' id='word_1_308' title='bbox 461 2370 578 2394; x_wconf 80' lang='lat' dir='ltr'>sumeret</span> <span class='ocrx_word' id='word_1_309' title='bbox 593 2365 734 2394; x_wconf 83' lang='lat' dir='ltr'>consilium</span> <span class='ocrx_word' id='word_1_310' title='bbox 749 2375 784 2392; x_wconf 80' lang='lat' dir='ltr'>ex</span> <span class='ocrx_word' id='word_1_311' title='bbox 803 2374 895 2392; x_wconf 73' lang='lat' dir='ltr'>eorum</span> 
     </span>
     <span class='ocr_line' id='line_1_38' title="bbox 193 2407 561 2439; baseline -0.008 -1"><span class='ocrx_word' id='word_1_312' title='bbox 193 2409 318 2439; x_wconf 69' lang='lat' dir='ltr'>bene-vole</span> <span class='ocrx_word' id='word_1_313' title='bbox 320 2407 380 2437; x_wconf 64' lang='lat' dir='ltr'>ntia</span> <span class='ocrx_word' id='word_1_314' title='bbox 395 2419 424 2436; x_wconf 76' lang='lat' dir='ltr'><em>v</em></span> <span class='ocrx_word' id='word_1_315' title='bbox 430 2408 443 2436; x_wconf 94' lang='lat' dir='ltr'><em>l</em></span> <span class='ocrx_word' id='word_1_316' title='bbox 455 2409 561 2436; x_wconf 81' lang='lat' dir='ltr'>timore.</span> 
     </span>
    </p>
   </div>
   <div class='ocr_carea' id='block_1_7' title="bbox 238 2447 901 2490">
    <p class='ocr_par' dir='ltr' id='par_1_9' title="bbox 238 2447 901 2490">
     <span class='ocr_line' id='line_1_39' title="bbox 238 2447 901 2490; baseline -0.003 -10"><span class='ocrx_word' id='word_1_317' title='bbox 238 2451 256 2477; x_wconf 87' lang='lat' dir='ltr'>b</span> <span class='ocrx_word' id='word_1_318' title='bbox 270 2451 328 2490; x_wconf 77' lang='lat' dir='ltr'>Qui</span> <span class='ocrx_word' id='word_1_319' title='bbox 336 2451 472 2481; x_wconf 79' lang='lat' dir='ltr'>credituri</span> <span class='ocrx_word' id='word_1_320' title='bbox 482 2456 563 2480; x_wconf 82' lang='lat' dir='ltr'>erant</span> <span class='ocrx_word' id='word_1_321' title='bbox 574 2447 739 2480; x_wconf 79' lang='lat' dir='ltr'>illoshabere</span> <span class='ocrx_word' id='word_1_322' title='bbox 747 2448 901 2478; x_wconf 84' lang='lat' dir='ltr'>auctorita-</span> 
     </span>
    </p>
   </div>
   <div class='ocr_carea' id='block_1_8' title="bbox 933 2319 1640 2490">
    <p class='ocr_par' dir='ltr' id='par_1_10' title="bbox 933 2319 1639 2403">
     <span class='ocr_line' id='line_1_40' title="bbox 933 2319 1637 2361; baseline -0.001 -12"><span class='ocrx_word' id='word_1_323' title='bbox 933 2326 987 2350; x_wconf 70' lang='lat' dir='ltr'>{cm</span> <span class='ocrx_word' id='word_1_324' title='bbox 1002 2321 1123 2360; x_wconf 80' lang='lat' dir='ltr'>regiam,</span> <span class='ocrx_word' id='word_1_325' title='bbox 1133 2319 1230 2361; x_wconf 72' lang='lat' dir='ltr'>qulbus</span> <span class='ocrx_word' id='word_1_326' title='bbox 1234 2321 1359 2359; x_wconf 77' lang='lat' dir='ltr'>faveret</span> <span class='ocrx_word' id='word_1_327' title='bbox 1370 2332 1449 2350; x_wconf 84' lang='lat' dir='ltr'>soror</span> <span class='ocrx_word' id='word_1_328' title='bbox 1463 2319 1637 2350; x_wconf 80' lang='lat' dir='ltr'>Alexandri.</span> 
     </span>
     <span class='ocr_line' id='line_1_41' title="bbox 977 2362 1639 2403; baseline -0.003 -10"><span class='ocrx_word' id='word_1_329' title='bbox 977 2362 992 2381; x_wconf 70' lang='lat' dir='ltr'>c</span> <span class='ocrx_word' id='word_1_330' title='bbox 1020 2363 1095 2393; x_wconf 82' lang='lat' dir='ltr'>Ad.</span> <span class='ocrx_word' id='word_1_331' title='bbox 1076 2375 1097 2392; x_wconf 89' lang='grc' dir='ltr'><em>ο</em></span> <span class='ocrx_word' id='word_1_332' title='bbox 1119 2363 1330 2393; x_wconf 76' lang='lat' dir='ltr'>venerabamur</span> <span class='ocrx_word' id='word_1_333' title='bbox 1353 2365 1569 2403; x_wconf 75' lang='lat' dir='ltr'>magnitudinem</span> <span class='ocrx_word' id='word_1_334' title='bbox 1591 2362 1639 2391; x_wconf 86' lang='lat' dir='ltr'>A·</span> 
     </span>
    </p>

    <p class='ocr_par' dir='ltr' id='par_1_11' title="bbox 939 2406 1640 2446">
     <span class='ocr_line' id='line_1_42' title="bbox 939 2406 1640 2446; baseline -0.003 -10"><span class='ocrx_word' id='word_1_335' title='bbox 939 2406 1081 2440; x_wconf 72' lang='grc' dir='ltr'><em>Ιεκαηᾰιὶ,</em></span> <span class='ocrx_word' id='word_1_336' title='bbox 1095 2411 1124 2435; x_wconf 78' lang='lat' dir='ltr'>ut</span> <span class='ocrx_word' id='word_1_337' title='bbox 1135 2417 1176 2436; x_wconf 82' lang='lat' dir='ltr'>eos</span> <span class='ocrx_word' id='word_1_338' title='bbox 1187 2417 1238 2435; x_wconf 83' lang='lat' dir='ltr'>non</span> <span class='ocrx_word' id='word_1_339' title='bbox 1246 2407 1363 2446; x_wconf 82' lang='lat' dir='ltr'>puderet</span> <span class='ocrx_word' id='word_1_340' title='bbox 1367 2407 1507 2446; x_wconf 75' lang='lat' dir='ltr'>favorem</span> <span class='ocrx_word' id='word_1_341' title='bbox 1516 2414 1640 2446; x_wconf 74' lang='lat' dir='ltr'>quaertre</span> 
     </span>
    </p>

    <p class='ocr_par' dir='ltr' id='par_1_12' title="bbox 939 2449 1584 2490">
     <span class='ocr_line' id='line_1_43' title="bbox 939 2449 1584 2490; baseline -0.003 -12"><span class='ocrx_word' id='word_1_342' title='bbox 939 2449 1097 2484; x_wconf 63' lang='lat' dir='ltr'>mulierum,</span> <span class='ocrx_word' id='word_1_343' title='bbox 1111 2454 1141 2478; x_wconf 82' lang='lat' dir='ltr'>ut</span> <span class='ocrx_word' id='word_1_344' title='bbox 1155 2451 1262 2479; x_wconf 83' lang='lat' dir='ltr'>nomine</span> <span class='ocrx_word' id='word_1_345' title='bbox 1275 2450 1348 2490; x_wconf 78' lang='lat' dir='ltr'>regis</span> <span class='ocrx_word' id='word_1_346' title='bbox 1356 2454 1584 2490; x_wconf 78' lang='lat' dir='ltr'>protegerentur.</span> 
     </span>
    </p>
   </div>
   <div class='ocr_carea' id='block_1_9' title="bbox 836 2515 1003 2552">
    <p class='ocr_par' dir='ltr' id='par_1_13' title="bbox 836 2515 1003 2552">
     <span class='ocr_line' id='line_1_44' title="bbox 836 2515 1003 2552; baseline 0 -6"><span class='ocrx_word' id='word_1_347' title='bbox 836 2515 1003 2552; x_wconf 85' lang='grc' dir='ltr'><em>ΝΟΤΕ.</em></span> 
     </span>
    </p>
   </div>
   <div class='ocr_carea' id='block_1_10' title="bbox 200 2567 1651 2782">
    <p class='ocr_par' dir='ltr' id='par_1_14' title="bbox 200 2567 1650 2782">
     <span class='ocr_line' id='line_1_45' title="bbox 246 2567 1645 2612; baseline -0.003 -10"><span class='ocrx_word' id='word_1_348' title='bbox 246 2575 273 2602; x_wconf 88' lang='lat'>1.</span> <span class='ocrx_word' id='word_1_349' title='bbox 287 2571 324 2601; x_wconf 85' lang='lat' dir='ltr'>In</span> <span class='ocrx_word' id='word_1_350' title='bbox 341 2568 510 2611; x_wconf 73' lang='lat' dir='ltr'>AEloliam]</span> <span class='ocrx_word' id='word_1_351' title='bbox 546 2568 630 2600; x_wconf 88' lang='lat' dir='ltr'>Cum</span> <span class='ocrx_word' id='word_1_352' title='bbox 657 2568 688 2599; x_wconf 88' lang='lat' dir='ltr'>in</span> <span class='ocrx_word' id='word_1_353' title='bbox 713 2567 910 2610; x_wconf 79' lang='lat' dir='ltr'>Cappadocia</span> <span class='ocrx_word' id='word_1_354' title='bbox 979 2572 1008 2599; x_wconf 74' lang='lat'>2.</span> <span class='ocrx_word' id='word_1_355' title='bbox 1023 2567 1154 2612; x_wconf 62' lang='lat' dir='ltr'>Sardes]</span> <span class='ocrx_word' id='word_1_356' title='bbox 1194 2567 1318 2600; x_wconf 83' lang='lat' dir='ltr'>Urbem</span> <span class='ocrx_word' id='word_1_357' title='bbox 1333 2568 1444 2611; x_wconf 82' lang='lat' dir='ltr'>Lydiae</span> <span class='ocrx_word' id='word_1_358' title='bbox 1464 2567 1645 2610; x_wconf 83' lang='lat' dir='ltr'>primariam</span> 
     </span>
     <span class='ocr_line' id='line_1_46' title="bbox 200 2610 1612 2652; baseline -0.004 -7"><span class='ocrx_word' id='word_1_359' title='bbox 200 2620 276 2645; x_wconf 75' lang='lat' dir='ltr'>tunc</span> <span class='ocrx_word' id='word_1_360' title='bbox 291 2622 368 2644; x_wconf 79' lang='lat' dir='ltr'>esset</span> <span class='ocrx_word' id='word_1_361' title='bbox 395 2615 560 2650; x_wconf 79' lang='lat' dir='ltr'>Eumenes,</span> <span class='ocrx_word' id='word_1_362' title='bbox 583 2612 614 2642; x_wconf 91' lang='lat' dir='ltr'>in</span> <span class='ocrx_word' id='word_1_363' title='bbox 628 2610 782 2642; x_wconf 80' lang='lat' dir='ltr'>AEtoliam</span> <span class='ocrx_word' id='word_1_364' title='bbox 805 2621 911 2641; x_wconf 75' lang='lat' dir='ltr'>venire</span> <span class='ocrx_word' id='word_1_365' title='bbox 937 2610 975 2641; x_wconf 80' lang='lat' dir='ltr'>ad</span> <span class='ocrx_word' id='word_1_366' title='bbox 993 2610 1190 2650; x_wconf 53' lang='lat' dir='ltr'>Pactolum·</span> <span class='ocrx_word' id='word_1_367' title='bbox 1181 2619 1270 2652; x_wconf 83' lang='lat' dir='ltr'>Juxta</span> <span class='ocrx_word' id='word_1_368' title='bbox 1283 2621 1426 2642; x_wconf 89' lang='lat' dir='ltr'>montem</span> <span class='ocrx_word' id='word_1_369' title='bbox 1438 2610 1612 2642; x_wconf 86' lang='lat' dir='ltr'>Timolum.</span> 
     </span>
     <span class='ocr_line' id='line_1_47' title="bbox 202 2652 1650 2702; baseline -0.002 -16"><span class='ocrx_word' id='word_1_370' title='bbox 202 2667 264 2687; x_wconf 84' lang='lat' dir='ltr'>non</span> <span class='ocrx_word' id='word_1_371' title='bbox 287 2655 399 2697; x_wconf 81' lang='lat' dir='ltr'>potuit.</span> <span class='ocrx_word' id='word_1_372' title='bbox 442 2654 502 2685; x_wconf 81' lang='lat' dir='ltr'>Sed</span> <span class='ocrx_word' id='word_1_373' title='bbox 531 2654 720 2695; x_wconf 80' lang='lat' dir='ltr'>Legendum</span> <span class='ocrx_word' id='word_1_374' title='bbox 751 2655 911 2688; x_wconf 79' lang='lat' dir='ltr'>AEtulium,</span> <span class='ocrx_word' id='word_1_375' title='bbox 981 2658 1010 2685; x_wconf 78' lang='lat'>3.</span> <span class='ocrx_word' id='word_1_376' title='bbox 1025 2656 1076 2684; x_wconf 84' lang='lat' dir='ltr'>Ad</span> <span class='ocrx_word' id='word_1_377' title='bbox 1097 2666 1149 2684; x_wconf 81' lang='lat' dir='ltr'>cus.</span> <span class='ocrx_word' id='word_1_378' title='bbox 1146 2657 1244 2684; x_wconf 68' lang='lat' dir='ltr'>odiam</span> <span class='ocrx_word' id='word_1_379' title='bbox 1267 2654 1397 2702; x_wconf 75' lang='lat' dir='ltr'>salutis.]</span> <span class='ocrx_word' id='word_1_380' title='bbox 1451 2656 1482 2686; x_wconf 84' lang='lat' dir='ltr'>A</span> <span class='ocrx_word' id='word_1_381' title='bbox 1499 2652 1650 2684; x_wconf 84' lang='lat' dir='ltr'>militibus</span> 
     </span>
     <span class='ocr_line' id='line_1_48' title="bbox 201 2695 1651 2740; baseline -0.004 -9"><span class='ocrx_word' id='word_1_382' title='bbox 201 2710 272 2740; x_wconf 81' lang='lat' dir='ltr'>quae</span> <span class='ocrx_word' id='word_1_383' title='bbox 298 2709 368 2739; x_wconf 88' lang='lat' dir='ltr'>pars</span> <span class='ocrx_word' id='word_1_384' title='bbox 391 2706 437 2729; x_wconf 86' lang='lat' dir='ltr'>est</span> <span class='ocrx_word' id='word_1_385' title='bbox 460 2698 621 2728; x_wconf 82' lang='lat' dir='ltr'>Armeniae</span> <span class='ocrx_word' id='word_1_386' title='bbox 651 2697 791 2732; x_wconf 79' lang='lat' dir='ltr'>minoris,</span> <span class='ocrx_word' id='word_1_387' title='bbox 817 2706 909 2737; x_wconf 82' lang='lat' dir='ltr'>quam</span> <span class='ocrx_word' id='word_1_388' title='bbox 938 2695 1096 2726; x_wconf 81' lang='lat' dir='ltr'>decretum</span> <span class='ocrx_word' id='word_1_389' title='bbox 1113 2704 1170 2734; x_wconf 87' lang='lat' dir='ltr'>est,</span> <span class='ocrx_word' id='word_1_390' title='bbox 1187 2704 1222 2726; x_wconf 89' lang='lat' dir='ltr'>ut</span> <span class='ocrx_word' id='word_1_391' title='bbox 1239 2697 1319 2727; x_wconf 83' lang='lat' dir='ltr'>circa</span> <span class='ocrx_word' id='word_1_392' title='bbox 1342 2696 1443 2739; x_wconf 85' lang='lat' dir='ltr'>ipsum</span> <span class='ocrx_word' id='word_1_393' title='bbox 1466 2695 1552 2727; x_wconf 83' lang='lat' dir='ltr'>mille</span> <span class='ocrx_word' id='word_1_394' title='bbox 1567 2695 1651 2727; x_wconf 85' lang='lat' dir='ltr'>mili-</span> 
     </span>
     <span class='ocr_line' id='line_1_49' title="bbox 200 2738 1622 2782; baseline -0.003 -9"><span class='ocrx_word' id='word_1_395' title='bbox 200 2742 251 2773; x_wconf 75' lang='lat' dir='ltr'>atii</span> <span class='ocrx_word' id='word_1_396' title='bbox 276 2751 346 2773; x_wconf 78' lang='lat' dir='ltr'>cum</span> <span class='ocrx_word' id='word_1_397' title='bbox 364 2739 487 2773; x_wconf 81' lang='lat' dir='ltr'>Ptolcn</span> <span class='ocrx_word' id='word_1_398' title='bbox 492 2750 537 2772; x_wconf 69' lang='grc' dir='ltr'>κο</span> <span class='ocrx_word' id='word_1_399' title='bbox 551 2738 724 2771; x_wconf 78' lang='lat' dir='ltr'>Atulanem</span> <span class='ocrx_word' id='word_1_400' title='bbox 742 2738 912 2771; x_wconf 85' lang='lat' dir='ltr'>nominant.</span> <span class='ocrx_word' id='word_1_401' title='bbox 937 2745 984 2771; x_wconf 81' lang='lat' dir='ltr'>tes</span> <span class='ocrx_word' id='word_1_402' title='bbox 997 2738 1130 2773; x_wconf 63' lang='lat' dir='ltr'>sicissim</span> <span class='ocrx_word' id='word_1_403' title='bbox 1149 2738 1293 2771; x_wconf 78' lang='lat' dir='ltr'>excubias</span> <span class='ocrx_word' id='word_1_404' title='bbox 1307 2747 1443 2782; x_wconf 85' lang='lat' dir='ltr'>agerent.</span> <span class='ocrx_word' id='word_1_405' title='bbox 1467 2740 1535 2771; x_wconf 64' lang='lat' dir='ltr'>Pli..</span> <span class='ocrx_word' id='word_1_406' title='bbox 1530 2738 1622 2770; x_wconf 72' lang='lat' dir='ltr'>arde.</span> 
     </span>
    </p>
   </div>
   <div class='ocr_carea' id='block_1_11' title="bbox 642 2790 662 2822">
    <p class='ocr_par' dir='ltr' id='par_1_15' title="bbox 642 2790 662 2822">
     <span class='ocr_line' id='line_1_50' title="bbox 642 2790 662 2822; baseline 0 0"><span class='ocrx_word' id='word_1_407' title='bbox 642 2790 662 2822; x_wconf 82' lang='lat'>3</span> 
     </span>
    </p>
   </div>
   <div class='ocr_carea' id='block_1_12' title="bbox 911 2324 917 2400">
    <p class='ocr_par' dir='ltr' id='par_1_16' title="bbox 911 2324 917 2400">
     <span class='ocr_line' id='line_1_51' title="bbox 911 2324 917 2400; baseline 0 676"><span class='ocrx_word' id='word_1_408' title='bbox 911 2324 917 2400; x_wconf 95' lang='lat' dir='ltr'> </span> 
     </span>
    </p>
   </div>
   <div class='ocr_carea' id='block_1_13' title="bbox 918 2402 924 2478">
    <p class='ocr_par' dir='ltr' id='par_1_17' title="bbox 918 2402 924 2478">
     <span class='ocr_line' id='line_1_52' title="bbox 918 2402 924 2478; baseline 0 598"><span class='ocrx_word' id='word_1_409' title='bbox 918 2402 924 2478; x_wconf 95' lang='lat' dir='ltr'> </span> 
     </span>
    </p>
   </div>
  </div>
 </body>
</html>
