1903 3076
596 189 707 230 LIB.
731 188 816 232 IV.
850 190 981 234 CA-P.
1004 191 1088 233 111.
1727 205 1778 242 51

115 271 224 327 gule
245 268 490 312 eivimres1in
506 278 772 326 tyrannorum
802 272 1025 327 imperium
1057 273 1356 326 concesserunt,
1387 290 1564 342 quorum

115 332 226 370 nulla
246 338 351 371 terra
370 327 541 368 feracior
560 329 654 370 fuit.
714 331 876 371 Horum
897 346 949 371 ex
969 337 1175 371 numero¹
1194 333 1425 374 Anaxilaus
1441 334 1565 388 justi-

116 389 172 428 tia
206 401 301 428 cum
339 394 576 427 caeterorum
612 389 849 430 crudelitate
880 398 959 429 cer
965 390 1083 429 abat·
1073 407 1085 438 ;
1131 390 1246 443 cujus
1278 392 1564 434 moderationis

115 447 231 487 haud·
255 443 499 485 mediocrem
529 445 709 486 fructum
740 448 861 488 tulit:
913 447 1081 502 Quippe
1111 449 1307 488 decedens
1337 464 1432 489 cum
1459 450 1564 492 filios

114 503 306 558 parvulos
322 501 567 556 reliquIsset‚
588 503 838 560 tutelamque
858 521 998 546 eorum
1030 511 1044 528 ²
1063 506 1236 556 Micalo,
1265 518 1450 559 spectatae
1469 508 1561 549 fidei

114 575 232 602 servo
247 560 537 601 commisisset:
563 570 694 603 tantus
710 578 824 605 amor
842 563 1050 604 memoriae
1071 564 1158 617 ejus
1178 567 1285 617 apud
1303 579 1442 606 omnes
1468 561 1560 617 fuit,
1578 551 1703 625 gili-ig?
1706 555 1777 625 ῗῃ·

111 627 158 659 ut
178 632 318 683 parere
334 632 466 667 serve,
483 634 606 684 quam
620 621 801 662 deserere
814 621 921 677 regis
935 622 1040 662 filios
1057 622 1246 671 mallent,
1267 622 1561 688 principesque
1580 637 1660 668 Urb.
1665 638 1701 668 C
1704 640 1776 669 273

112 675 289 718 civitatis
303 676 421 716 obliti
437 676 650 732 dignitatis
671 693 768 727 suae,
784 679 898 735 regni
920 680 1172 734 majestatem
1194 679 1467 721 administrari
1490 697 1563 735 per
1579 683 1655 712 Ant
1659 680 1694 711 C·
1701 683 1775 712 478.

110 749 276 776 servum
303 743 554 788 paterentur.
615 735 842 790 Imperium
874 737 1026 778 Siciliae
1056 737 1183 779 etiam
1206 738 1564 794 Carthaginienses

53 844 57 848 ,
109 792 332 844 tentavere,
346 793 501 847 diuque
517 794 629 835 varia
644 795 819 836 victoria
839 799 853 825 3
870 810 965 836 cum
985 796 1170 852 tyrannis
1187 795 1442 838 dimicatum.
1490 800 1564 840 Ad

111 860 364 916 postremum
379 856 394 878 ⁴
404 851 556 893 amisso
572 852 783 895 Amilcare
801 853 1046 908 imperatore
1058 869 1155 894 cum
1167 855 1362 908 exercitu,
1376 855 1563 912 aliquan-

111 908 239 962 tisper
260 909 452 965 quievere
473 910 586 952 victi

172 967 305 1008 CAP.
333 967 415 1008 ΙΙΙ.
447 968 592 1010 Medio
629 978 813 1024 tempore
834 984 928 1011 cum
963 970 1146 1026 Rhegini
1179 970 1379 1012 discordia
1399 970 1561 1015 labora·
1579 987 1707 1030 Rhegfnt
1718 985 1755 1018 ab

110 1033 215 1076 rent,
232 1024 460 1082 civitasque
477 1042 549 1081 per
569 1027 864 1069 dissensionem
879 1027 1035 1069 divisa
1025 1044 1065 1068 m
1083 1031 1182 1070 duas
1195 1039 1329 1083 partes
1344 1041 1467 1081 esset3
1491 1048 1561 1072 ve·
1582 1031 1754 1062 Himeranis

110 1083 238 1124 terani
253 1097 306 1124 ex
320 1085 442 1125 altera
460 1094 573 1139 parte
595 1087 674 1126 ⁵ab
690 1085 889 1127 Himera
878 1102 920 1126 111
937 1086 1141 1127 auxilium
1157 1087 1308 1139 vocati,
1324 1088 1451 1141 pulsis
1465 1090 1563 1130 civi·
1579 1075 1776 1147 ἕῇίαζὲἰω,

108 1149 206 1192 tate,
223 1150 360 1183 contra
380 1158 480 1198 quos
511 1143 724 1197 implorati
745 1145 928 1185 fuerant:
967 1154 1008 1186 et
1029 1160 1127 1185 mox
1146 1147 1276 1196 caesis,
1297 1147 1445 1201 quibus
1461 1150 1563 1189 tule-
1579 1160 1647 1190 lum

108 1207 199 1240 rant
218 1199 435 1266 auxilium,
450 1203 594 1242 urbem
613 1217 706 1242 cum
729 1203 974 1258 conjugibus
994 1213 1033 1243 et
1051 1204 1194 1244 liberis
1213 1203 1418 1245 sociorum
1440 1220 1563 1247 occu-

108 1272 286 1311 pavere3
325 1259 412 1300 ausi
434 1259 590 1300 facinus
620 1260 724 1300 nulli
752 1269 926 1316 tyranno
956 1264 1298 1328 comparandum:
1335 1263 1491 1317 quippe
1518 1274 1565 1306 ut

109 1315 314 1372 Rheginis
328 1317 477 1358 melius
491 1319 612 1359 fuerit
630 1317 738 1359 vinci
755 1334 880 1375 quam
897 1319 1059 1360 vicisse.
1102 1319 1218 1360 Nam
1231 1319 1319 1361 sive
1335 1321 1563 1364 victoribus

108 1373 356 1428 captivitatis
371 1376 462 1430 jure
479 1376 715 1442 servissent,
729 1392 811 1418 sive
825 1376 971 1418 amissa
983 1377 1118 1444 patria
1131 1379 1294 1419 exulare
1309 1394 1472 1421 necesse
1487 1381 1563 1420 ha-

106 1432 310 1483 buissent3
331 1449 413 1474 non
433 1444 584 1487 tamen,
602 1435 706 1476 inter
725 1450 812 1477 aras
830 1444 872 1477 et
892 1436 1044 1490 patrios
1063 1437 1168 1476 lares
1188 1436 1395 1488 trucidati,
1421 1441 1562 1480 crude-

105 1490 278 1532 lissimis
289 1493 473 1548 tyrannis
495 1493 670 1547 patriam
687 1508 781 1534 cum
797 1494 1040 1549 conjugibus
1053 1510 1097 1535 ac
1111 1494 1255 1536 liberis
1276 1498 1455 1548 ptaedam
1467 1496 1563 1536 reli-

107 1549 304 1605 quissent.
333 1551 614 1592 ⁶Catinienses
634 1567 798 1617 quoque
819 1555 938 1592 acum
957 1555 973 1578 ⁷
987 1554 1261 1608 Syracusanos
1282 1567 1425 1608 graves
1447 1563 1560 1607 pate-

104 1616 260 1660 rentur,
279 1608 403 1649 diffisi
421 1609 578 1651 viribus
597 1611 695 1662 suis,
715 1610 916 1650 auxilium
937 1612 988 1651 ab
1007 1610 1327 1652 Atheniensibus
1347 1611 1558 1665 petivere:

108 1666 199 1720 qui,
211 1681 281 1707 seu
299 1666 431 1708 studio
447 1667 614 1722 majoris
628 1668 807 1722 imperii,
821 1683 900 1724 quo
918 1669 1063 1710 Asiam
1079 1668 1374 1724 Graeciamque
1395 1669 1560 1732 penitus

106 1733 366 1777 occuparent,
396 1740 467 1766 seu
496 1737 607 1767 metu
637 1727 754 1767 factae
786 1728 945 1780 pridem
976 1742 999 1766 a
1030 1726 1292 1781 Syracusanis
1326 1728 1477 1778 classis,
1506 1742 1556 1768 ne

106 1782 429 1824 Lacedaemoniis
458 1783 539 1825 illae
560 1785 665 1826 vires
679 1788 953 1845 accederent3
986 1784 1262 1838 Lamponium
1283 1787 1429 1826 ducem
1459 1800 1557 1826 cum

107 1840 266 1882 classe
256 1855 299 1881 in
320 1839 504 1882 Siciliam
534 1831 698 1895 misere,
717 1853 762 1884 ut
782 1845 857 1885 sub
885 1843 1018 1897 specie
1046 1842 1230 1884 8ferendi
1253 1843 1556 1884 Catiniensibus

643 1956 1027 1989 INTERPRETATIO.

465 2018 483 2041 ²
503 2018 572 2051 Cimz
586 2021 714 2052 viderent
725 2021 917 2063 Syracusanos
931 2021 986 2052 sibi
1000 2020 1123 2052 molestos
1132 2031 1199 2053 esse.

753 2098 922 2130 NOTAE.

154 2166 182 2196 1.
205 2163 394 2207 Anaxilaus]
416 2163 658 2206 Rheginorum
650 2174 681 2194 in
698 2163 814 2194 Brutiis

108 2214 258 2248 tyrannus
271 2205 342 2237 suit.

154 2253 173 2280 9
177 2251 268 2280 ‚Mn
265 2250 326 2281 ·alo
331 2249 342 2293 ]
364 2248 551 2291 Micythum
565 2255 679 2280 vocant
694 2248 814 2280 Herod.

108 2299 140 2323 et
156 2291 276 2323 strabo.

152 2339 182 2365 8.
207 2336 276 2366 Cum
289 2336 426 2378 tyrannis.
429 2334 442 2376 ]
475 2333 677 2377 Hippocrate,
694 2332 814 2366 Gelone

109 2384 141 2408 et
159 2377 298 2408 Hierone
313 2376 468 2408 fratribus

151 2423 181 2450 4.
203 2421 317 2451 Amisso
331 2421 487 2451 Amilcare.
493 2419 506 2461 ]
527 2419 649 2450 incitati
669 2418 688 2450 5.
708 2421 814 2451 Xerxe

107 2461 147 2492 ad
163 2461 297 2493 Siciliam
314 2461 520 2493 invadendam
535 2461 816 2503 Carthaginienses,

109 2504 302 2535 Amilcar-em
312 2515 427 2547 magno
433 2515 503 2535 cum
512 2505 648 2535 exercitu
659 2504 820 2539 miserant;

110 2547 164 2578 sel
180 2547 273 2583 Gelo,
286 2547 466 2595 interceptis
487 2546 594 2583 literis,
617 2545 730 2588 quibus
744 2546 816 2577 Seli-

111 2589 211 2620 nuntii
226 2600 258 2620 se
268 2600 341 2621 cum
351 2590 446 2632 copiis
459 2589 611 2620 affuturos
624 2589 816 2632 spondebant

111 2631 272 2668 Amneni,
292 2632 417 2664 navales
430 2632 533 2674 copias
548 2632 642 2669 misit,
662 2643 731 2674 quae
750 2639 817 2663 tan-

111 2684 205 2715 quam
220 2675 310 2706 sociae
325 2675 356 2705 in
372 2682 471 2706 castra
482 2675 634 2712 admissae,
648 2673 820 2712 Amilcare,

100 2717 165 2756 ‘qui
179 2724 247 2747 tum
256 2716 456 2756 sacrificabat,
467 2717 664 2753 obtrimcato,
673 2716 819 2748 navesin-

115 2758 308 2792 tenderunt·
300 2784 309 2799 ,

848 2165 960 2195 Poenos
972 2162 1170 2214 aggreditur3
1182 2173 1234 2205 qur
1226 2161 1368 2194 audita
1360 2163 1554 2205 imperatoris

847 2214 948 2237 morte
971 2205 1058 2238 tanta
1085 2213 1188 2247 strage
1211 2206 1278 2236 caesi
1302 2214 1383 2242 sunt,
1404 2214 1439 2237 ut
1483 2206 1552 2237 uin-

846 2248 946 2280 decim
962 2259 1069 2279 eorum
1085 2248 1182 2278 millia
1195 2229 1406 2279 occubueririt.

889 2294 919 2323 5.
943 2292 992 2322 Ab
1008 2290 1176 2342 Himer5.]
1188 2290 1273 2321 Urbs
1288 2291 1399 2322 Siciliae
1421 2291 1460 2322 ad
1475 2291 1554 2322 ostia

847 2333 989 2365 Himerae
1027 2333 1129 2373 fluvii,
1161 2345 1181 2365 a
1225 2333 1378 2365 Zanclaeis
1416 2333 1553 2373 condita,

846 2375 951 2419 postea
966 2386 1073 2407 eversa
1087 2376 1125 2407 ab
1141 2376 1306 2407 Annibale.

888 2423 917 2450 6.
935 2420 1113 2450 Catinienses.
1116 2418 1129 2462 ]
1143 2420 1262 2450 catana
1276 2417 1350 2449 urbs
1361 2419 1389 2448 S·
1384 2417 1485 2456 ‚ciliae‚
1499 2428 1551 2449 ex-

847 2468 948 2493 tructa
956 2460 1236 2493 aChalcidensibus
1245 2472 1342 2502 prope
1352 2472 1375 2491 r
1375 2461 1469 2491 idices
1476 2442 1553 2492 ’ffir-

847 2514 894 2535 nae
909 2504 1025 2536 montis
1038 2504 1077 2535 ad
1091 2507 1248 2535 Amenem
1264 2503 1439 2534 fluviolum.

890 2550 918 2578 7.
933 2547 1133 2598 Syracusanos.
1137 2546 1150 2589 ]
1164 2546 1283 2578 Civitas
1291 2553 1356 2576 erat
1366 2545 1554 2587 amplissima

849 2589 879 2619 in
895 2600 949 2620 ora
965 2589 1058 2620 maris
1071 2589 1110 2620 ad
1126 2591 1243 2620 Ortum
1258 2589 1339 2619 inter
1355 2589 1506 2620 Catanam
1522 2596 1554 2620 et

851 2631 1034 2673 Pachynum
1049 2631 1311 2674 promontorium,
1327 2631 1360 2661 Sr
1346 2644 1484 2673 ragusa.

893 2678 922 2705 8.
937 2676 1056 2705 Ferendn·
1073 2674 1291 2712 Catiniensibus,
1308 2645 1380 2716 &c.]
1403 2674 1476 2704 Non
1493 2673 1554 2704 Ca-

851 2716 1041 2753 tiniensibus,
1046 2717 1097 2748 sed
1107 2718 1135 2747 L
1137 2715 1380 2749 eontinisrontra
1392 2717 1555 2757 Syracusa

350 2759 427 2792 dum
455 2761 519 2804 ipse
547 2760 688 2794 terrestri
715 2759 824 2804 praelio
853 2770 909 2793 nos
920 2770 972 2793 eos
981 2759 1012 2792 in
1023 2759 1173 2792 auxilium
1185 2758 1303 2791 venisse
1315 2757 1409 2790 tradit
1422 2759 1546 2801 Thucyd.

1125 2811 1209 2844 132
