1903 3076
557 184 668 226 LIB.
702 180 931 224 XXXIX.
979 182 1110 224 CAP.
1141 182 1200 224 II.
1724 190 1802 225 293

124 282 132 291 ¹
147 267 390 308 subornatus
409 264 449 305 in
469 279 658 320 regnum,
674 264 846 318 superba
868 263 1080 305 insolentia
1098 265 1238 319 coepit.
1290 263 1431 320 Itaque
1459 264 1593 304 Ptole-

143 339 290 374 maeus,
318 322 573 364 reconciliata
595 322 743 363 sororis
764 321 910 378 gratia,
923 324 1124 362 destruere
1147 323 1373 363 Alexandri
1406 337 1593 376 regnum,

143 384 253 436 quod
268 381 360 422 odio
380 381 599 430 Demetrii,
615 380 772 421 viribus
784 381 868 421 suis
889 378 1148 435 acquisierat,
1169 381 1342 420 summis
1358 381 1504 432 opibus
1529 380 1588 419 in·
1606 395 1805 432 A.M..‘3929,

142 439 286 480 stituit.
338 438 472 479 Mittit
486 438 609 493 igitur
622 438 803 496 ingentia
819 438 968 494 Grypo
982 438 1148 486 auxilia,
1165 450 1204 478 et
1226 438 1368 477 ¹filiam
1385 439 1590 503 Tryphje-
1608 438 1656 469 01.
1678 441 1792 492 ¹⁰.³²'.4·

141 511 237 538 narn
249 496 400 552 Grypo
413 506 645 549 nupturam,
662 506 705 536 ut
717 496 892 550 populos
909 496 948 535 in
963 496 1164 537 auxilium
1181 495 1353 548 nepotis,
1367 511 1445 535 non
1462 511 1589 536 socie-
1606 481 1808 561 ἓ;ῗ“ἓῗ;ῗ·

143 564 223 596 tate
242 555 397 595 tantum
418 554 533 605 belli,
553 554 700 596 verum
718 563 756 594 et
776 553 964 594 affinitate
996 554 1067 593 sua
1100 553 1340 594 solicitaret.'
1405 554 1498 593 Nec
1528 569 1590 594 res
1756 548 1806 561 ”’”

142 612 291 654 frustra
321 612 424 652 fuit:
463 627 574 664 nam,
605 612 701 652 cum
739 627 880 652 omnes
911 611 1107 666 Grypum
1137 610 1380 651 instructum
1413 613 1593 666 AEgypti

133 669 302 711 -viribus
327 670 526 721 viderent,
545 669 743 724 paulatim
763 671 814 710 ab
849 669 1088 709 Alexandro
1106 669 1273 709 deficere
1294 669 1469 722 coepere.
1529 669 1595 710 Fit

144 727 322 783 denique
343 728 450 769 inter
465 743 580 784 reges
599 727 804 782 praelium,
820 742 906 782 quo
921 726 1056 768 victus
1073 728 1311 766 Alexander
1328 726 1594 767 Antiochiam

126 786 350 841 profugit:
384 786 443 827 ibi
466 786 583 840 inops
602 785 800 839 pecuniae,
830 785 925 825 cum
948 784 1151 837 stipendia
1172 784 1376 825 militibus
1397 788 1596 835 deessent,

129 844 187 884 =in
209 847 222 864 ²
242 844 398 897 templo
417 844 529 885 Jovis
547 844 723 885 solidum
745 857 797 883 ex
815 857 912 883 auro
935 842 1136 883 Victoriae
1165 843 1327 897 signum
1358 843 1447 883 tolli
1465 843 1597 897 jubet,

146 902 290 942 facetis
317 902 421 956 jocis
451 902 712 957 sacrilegium
736 899 1101 941 circumscribens:
1135 916 1233 941 narn
1255 901 1468 942 Victoriam
1497 917 1597 942 com-

146 961 338 1000 'nodatam
357 960 432 1000 sibi
444 960 494 1000 ab
506 959 606 1014 Jove
617 976 689 1000 esse
700 960 872 999 dicebat.
919 957 1146 1012 Interjectis
1161 958 1306 998 deinde
1322 960 1481 1009 diebus,
1501 960 1599 1000 cum

145 1017 274 1071 ipsius
295 1024 310 1042 ²
326 1019 442 1072 Jovis
462 1032 632 1058 aureum
653 1017 919 1058 simulacrum
950 1015 1096 1056 infiniti
1125 1017 1313 1070 ponderis
1334 1017 1452 1058 tacite
1475 1017 1599 1058 evelli

144 1075 347 1129 jussisset,
377 1076 733 1131 deprehensusque
765 1076 807 1115 in
838 1073 1067 1128 sacrilegio,
1098 1089 1296 1114 concursu
1327 1075 1600 1117 multitudinis

147 1141 251 1174 esset
268 1133 308 1173 in
328 1134 470 1189 fugam
485 1150 647 1183 versus3
669 1133 818 1189 magna
833 1133 874 1172 vi
890 1132 1138 1185 tempestatis
1154 1147 1387 1186 oppressus,
1401 1150 1445 1174 ac
1463 1137 1600 1176 deser-

146 1201 211 1231 tus
234 1192 257 1230 ὲ
279 1192 376 1242 suis,
398 1193 419 1231 a
439 1192 664 1233 latronibus
685 1192 866 1245 capitur3
889 1191 1187 1245 perductusque
1208 1193 1257 1231 ad
1270 1191 1483 1248 Grypum,
1507 1197 1520 1223 ³
1535 1192 1600 1236 in..

149 1249 357 1290 terficitur.
407 1250 579 1305 Grypus
599 1250 735 1303 porro,
754 1258 990 1303 recuperato
1020 1248 1150 1302 patrio
1180 1263 1320 1303 regno,
1340 1251 1600 1306 externisque

150 1307 343 1360 periculis
363 1307 572 1360 liberatus,
600 1307 761 1348 insidiis
781 1306 919 1348 matris
941 1306 1174 1360 appetitur:
1208 1322 1301 1362 quae
1323 1323 1417 1348 cum
1439 1308 1603 1362 cupidi-

126 1373 231 1405 -tate
253 1366 558 1418 dominationis,
587 1365 746 1420 prodito
766 1365 913 1406 marito
944 1364 1175 1413 Demetrio,
1205 1373 1246 1405 et
1266 1366 1391 1407 altero
1421 1366 1506 1406 filio
1539 1367 1603 1407 in-

148 1424 331 1474 terfecto,
346 1424 476 1478 hujus
495 1439 656 1480 quoque
677 1423 848 1465 victoria
868 1422 1106 1463 inferiorem
1126 1422 1164 1462 di
1171 1423 1366 1477 gnitatem
1388 1439 1503 1466 suam
1524 1425 1606 1466 fac·

150 1491 231 1521 tam
253 1483 425 1533 doleret,
454 1482 634 1524 venienti
657 1484 707 1522 ab
730 1481 1021 1522 exercitatione*
1051 1481 1247 1533 poculum
1268 1482 1412 1522 veneni
1441 1484 1603 1524 obtulit.

147 1538 254 1581 ”Sed
276 1540 466 1594 Grypus,
482 1539 685 1593 praedictiS
701 1541 786 1594 jam
805 1549 893 1580 ante
909 1538 1084 1587 insidiis,
1102 1539 1225 1578 veiuti
1242 1539 1390 1592 pietate
1404 1556 1497 1581 cum
1516 1557 1604 1582 ma-

150 1606 208 1637 tre
230 1608 414 1647 certaret,
432 1598 572 1639 bibere
593 1598 724 1652 ipsam
743 1598 885 1651 jubet:
919 1596 1112 1637 abnuenti
1145 1597 1281 1637 instat.
1342 1599 1604 1641 Postremum

151 1657 311 1709 prolato
341 1656 474 1697 indice
503 1671 595 1696 eam
630 1655 780 1711 arguit,
814 1658 933 1695 solam
962 1654 1204 1710 definsiottem
1247 1656 1395 1696 sceleris
1423 1668 1606 1712 superesse

154 1713 375 1764 affirmans,
390 1714 426 1754 si
452 1714 559 1755 bibat
573 1713 768 1769 quodfilio
780 1714 932 1754 obtulit.
999 1712 1090 1753 cSic
1108 1713 1213 1752 victa
1235 1714 1371 1768 regina
1392 1718 1542 1756 scelere
1564 1717 1607 1759 in

152 1786 193 1812 se
214 1786 348 1822 verso,
369 1775 662 1826 veneno,quod
684 1771 755 1812 alii
775 1780 1004 1826 paraverat,
1018 1774 1033 1796 ⁴
1047 1771 1315 1826 extinguitur.
1346 1772 1462 1813 Parta
1478 1773 1605 1828 igitur

151 1830 266 1885 regni
288 1829 516 1880 securitate,
536 1831 710 1886 Grypus
731 1839 822 1871 octo
852 1829 965 1870 annis
993 1829 1177 1884 quietem
1210 1839 1248 1868 et
1278 1829 1364 1882 ipse
1385 1832 1544 1883 habuit,
1565 1842 1605 1873 et
1619 1835 1820 1866 ANK-‘303⁶-

153 1902 278 1942 regno
298 1888 498 1941 praestitit.
561 1889 700 1929 Natus
718 1888 865 1928 deinde
903 1887 966 1927 illi
998 1898 1056 1927 est
1087 1888 1260 1928 aemulus
1289 1889 1419 1943 regni,
1454 1892 1469 1916 ⁵
1488 1891 1607 1931 frater
1622 1876 1819 1952 fflbffi’ffiss}

130 1966 135 1969 ·
152 1944 281 1997 ipsius
303 1946 554 2000 Cyzicenus,
576 1949 592 1973 ⁶
604 1947 747 1987 eadem
763 1955 890 1987 matre
904 1945 1077 1998 genitus,
1097 1947 1165 1985 sed
1178 1959 1229 1984 ex
1247 1946 1452 1987 Antiocho
1469 1960 1610 2000 patruo
1625 1944 1822 1995 Amjc'iii-k‘.

155 2011 379 2056 susceptus,
409 2019 531 2059 quem
553 2005 649 2045 curn
669 2019 825 2045 veneno
858 2005 999 2044 tollere
1021 2003 1229 2053 voluisset,
1252 2013 1295 2045 ut
1317 2006 1518 2047 maturius
1548 2023 1611 2048 ar-

150 2060 234 2111 Jnis
256 2076 351 2101 cum
371 2077 419 2105 eo
439 2064 488 2111 de
509 2077 635 2117 regno
656 2065 930 2111 contenderet,
949 2064 965 2088 ⁷
981 2061 1188 2101 excitavit.

691 2130 1072 2162 INTERPRETATIO.

198 2185 214 2204 ²
234 2185 318 2215 Jubet
339 2185 452 2226 auferri
473 2198 508 2216 ex
529 2186 629 2227 templo
652 2186 738 2215 Jovis
751 2187 808 2228 {jus
822 2187 862 2215 .σί-
900 2185 953 2215 illa
974 2183 1082 2219 abnuit,
1103 2186 1185 2225 quasi
1204 2189 1326 2215 certaret
1341 2187 1450 2226 pietate
1468 2199 1612 2222 cumpun-

155 2229 329 2258 walachrum
343 2228 488 2270 caristolum
501 2241 537 2259 ex
550 2231 636 2259 solido
647 2240 728 2259 auro.
902 2234 957 2258 tre.

202 2272 218 2296 b
237 2272 294 2300 Sed
308 2271 436 2312 Grypus,
449 2272 557 2301 detectis
572 2274 638 2311 jam
654 2272 774 2308 insidiis,
783 2270 864 2313 jube!
947 2269 962 2289 c
980 2270 1029 2300 Sic
1044 2270 1154 2310 Regina
1169 2272 1287 2304 interiit.
1299 2277 1391 2301 coacta
1410 2270 1515 2304 sdmere
1530 2287 1613 2306 vene-

158 2316 248 2355 r'psam
271 2314 373 2352 libere,
386 2320 412 2342 et
434 2321 515 2355 urget
537 2314 577 2344 ad
601 2312 783 2351 bibendum,
803 2315 866 2343 dum
904 2325 981 2348 num,
995 2314 1068 2354 quod
1069 2320 1125 2354 pet
1138 2313 1223 2343 scelus
1227 2314 1296 2354 filio
1304 2321 1480 2356 paraverat.

797 2366 970 2396 NOTAE.
1404 2366 1419 2376 ’

206 2425 234 2452 1.
256 2423 362 2451 Filium
391 2420 604 2463 T1ypbaenam.]
645 2419 712 2451 Alii
734 2420 872 2463 Gryphi-
904 2419 1004 2451 suerat
1019 2420 1176 2451 educatus.

163 2474 234 2494 nam
250 2463 423 2494 nominant.
947 2467 977 2493 6.
1001 2461 1108 2493 Eddem
1135 2470 1227 2494 maere
1250 2465 1385 2507 genitus]
1436 2465 1615 2509 Cleopatr-i,

205 2510 233 2535 ⁸2.
249 2507 333 2536 Jovis
348 2505 488 2547 auream]
530 2505 564 2535 Id
581 2505 698 2536 crimen
716 2504 875 2537 Antiocho
905 2516 972 2546 quae
995 2512 1106 2546 quater
1127 2514 1285 2547 nupserat,
1314 2508 1452 2548 primum
1475 2510 1614 2541 Alexan-

164 2548 324 2588 Cyziceno
337 2548 447 2578 tribuit
461 2547 630 2579 Arnobius.
904 2548 962 2578 dro
998 2547 1094 2586 Baiae,
1136 2556 1204 2578 tum
1248 2550 1414 2580 Demetrio
1453 2552 1614 2592 Nicanori,

206 2595 236 2621 3.
260 2590 463 2633 Inter-ficuum]
499 2592 532 2621 ln
555 2589 665 2632 praelio
686 2600 799 2622 caesum
822 2601 873 2621 oc·
903 2590 1015 2620 deinde
1029 2590 1189 2621 Antiocho
1204 2591 1313 2631 Sideti,
1337 2592 1471 2634 denique
1497 2594 1612 2627 iterum

166 2632 304 2663 cubuisse
319 2633 387 2663 vult
404 2633 562 2674 Iosephus.
903 2633 1067 2663 Demetrio
1083 2633 1241 2664 Nicanori.

207 2679 236 2705 4.
259 2675 476 2718 Extinguieur]
534 2675 632 2713 Idem,
663 2675 716 2706 sed
738 2674 874 2712 brevius,
945 2679 974 2706 7.
989 2675 1167 2718 Excitavit]
1190 2676 1402 2707 Bellienusam
1420 2679 1609 2721 JosephuSil:

162 2725 267 2748 narrat
281 2717 451 2759 Appi-mus.
904 2717 1098 2757 Cyzicenum
1132 2718 1253 2758 rejicit3
1283 2718 1378 2750 refert
1417 2722 1498 2751 enirn
1530 2733 1612 2757 enm,

207 2765 236 2791 5.
260 2761 366 2790 Frater
381 2763 467 2800 ipsius
487 2761 666 2802 Cyzicenus]
688 2760 874 2796 Antiochus,
903 2760 978 2790 dum
1003 2763 1131 2800 Grypbs
1163 2762 1194 2790 in
1222 2762 1345 2792 Judaeos
1376 2762 1492 2795 beilum
1516 2777 1613 2808 parm,

111 2824 120 2832 .
165 2804 212 2834 cui
245 2803 394 2843 Cyziceni
428 2813 540 2835 nomen
571 2803 644 2843 suit,
676 2803 728 2845 qui
764 2803 871 2844 Cyzici
904 2802 986 2845 apud
1003 2803 1155 2845 Cyzicum
1174 2804 1276 2846 copias
1291 2803 1458 2845 collegisse.

1312 2859 1335 2886 U
1361 2857 1381 2888 3
