1903 3076
87 206 139 242 28
905 198 929 239 J
932 197 1113 240 USTIN
1118 196 1138 238 Ι

301 287 467 334 propter
488 279 667 320 adultam
686 275 870 332 privigni
892 287 1064 328 aetatem,
1097 281 1109 297 ¹
1125 277 1303 319 Colchos
1323 291 1418 318 cum
1447 281 1462 301 ²
1478 276 1622 319 Medio
1637 277 1739 332 filio',

294 352 350 384 ,ex
368 336 502 393 AEgeo
516 344 714 388 suscepto,
727 335 934 376 concessit.
966 337 1063 376 Post
1078 337 1261 390 AEgeum
1274 335 1473 387 Theseus,
1489 351 1534 376 ac
1546 335 1736 390 deinceps

299 395 452 436 Thesei
482 394 591 434 filius
632 397 646 421 ³
662 394 953 447 Demophoon,
988 393 1058 448 qui
1093 392 1293 433 auxilium
1323 393 1486 435 Graecis
1515 401 1529 423 ⁴
1543 393 1737 442 adversus

297 453 499 506 Trojanos
519 452 630 501 tulit,
660 466 832 506 regnum
851 452 1045 504 possedit.
1106 451 1235 492 Erant
1263 451 1367 491 inter
1396 451 1668 493 Athenienses
1697 459 1738 492 et

295 509 838 560 5Dorienses,‘simultatum
857 519 1010 549 veteres
1031 508 1206 558 offensae,
1236 524 1339 563 quas
1362 508 1608 553 vindicaturi
1627 510 1736 550 bello

296 567 538 618 Dorienses,
557 569 605 607 de
626 576 773 607 eventu
791 565 921 619 praelii
938 568 1101 606 oracula
1115 566 1414 607 consuluerunt.
1473 566 1736 620 Responsum

294 625 617 682 superioresfhre‚
644 624 688 665 ni
702 640 824 678 regem
845 623 1126 678 Atheniensium
1145 624 1374 665 occidissent.
1437 623 1549 664 cnm
1571 633 1740 666 ventum

297 692 402 724 esset
412 682 455 723 in
475 683 646 733 bellum,
661 681 877 732 militibus,
894 691 982 721 ante
1000 682 1152 732 omnia,
1165 683 1343 722 custodia
1360 681 1469 736 regis
1489 681 1737 735 praecipitur.

295 739 618 781 Atheniensibus
648 756 696 782 eo
726 748 907 792 ternpore
938 747 1009 779 rex
1043 745 1059 768 ⁶
1077 740 1233 780 Codrus
1251 747 1334 780 erat
1350 758 1362 789 ς
1394 739 1467 794 qui
1488 748 1527 779 et
1546 753 1738 793 responso

296 798 398 848 Dei,
416 806 455 838 et
470 798 683 852 praeceptis
701 797 881 837 hostium
897 796 1084 851 cognitis,
1097 805 1326 850 permutato
1341 797 1447 852 regis
1464 796 1622 847 habitu,
1638 811 1740 850 pan-

296 871 433 909 nosus,
462 866 660 896 sarmenta
680 855 787 897 eollo
807 870 964 910 gerens,
990 863 1117 895 castra
1136 855 1315 895 hostium
1335 853 1583 910 ingreditur:
1615 854 1676 895 ibi
1694 854 1740 895 in

294 914 415 965 turb&
437 912 732 964 obsistentium,
753 913 776 952 ὲ
796 912 941 965 milite,
971 928 1094 967 quem
1120 913 1224 952 falce
1258 921 1343 963 astu
1362 913 1741 964 convulneraverat,

89 971 554 1014 emmasinterficitur.
616 971 792 1026 Cognito
811 970 920 1026 regis
940 985 1120 1023 corpore,
1150 971 1374 1012 Dorienses
1394 970 1479 1012 sine
1499 970 1638 1023 praelio
1657 970 1741 1011 dis-

89 1023 286 1054 Ant.C.1067
301 1031 475 1078 cedunt3
509 1038 629 1083 atque
648 1028 703 1069 ita
725 1029 997 1069 Athenienses
1017 1027 1168 1069 virtute
1189 1028 1318 1081 ducis,
1347 1043 1421 1082 pro
1442 1029 1569 1070 salute
1598 1026 1740 1082 patriae

301 1088 422 1129 morti
441 1102 483 1127 se
505 1086 724 1136 offerentiS,
744 1087 853 1126 bello
874 1086 1108 1127 liberantur.

89 1162 269 1196 Atheniensis
362 1146 491 1186 CAP.
509 1145 619 1184 VII.
649 1143 768 1185 ⁷Post
782 1144 963 1185 Codrum
978 1159 1098 1184 nemo
1111 1143 1290 1185 Athenis
1302 1144 1503 1199 regnavit:
1525 1144 1636 1199 quod
1652 1158 1740 1184 me-

88 1206 245 1256 respuetica
260 1248 266 1255 ‚
303 1203 441 1249 moriae
462 1201 638 1243 nominis
652 1203 738 1256 ejus
753 1201 949 1255 tributum
965 1210 1040 1242 est.
1087 1201 1399 1243 Administratio
1414 1201 1651 1255 reipublicae
1667 1217 1739 1242 an-

87 1249 280 1332 ἕζοὲζζηῒξζ
303 1261 393 1301 nuis
407 1257 708 1316 magistratibus
725 1260 935 1313 permissa.
969 1260 1047 1300 Sed
1062 1259 1218 1301 civitati
1236 1261 1357 1300 nullae
1374 1269 1466 1300 tunc
1482 1261 1592 1315 leges
1604 1268 1739 1308 erant;

87 1335 183 1365 AM.
195 1335 288 1363 3460.
303 1319 398 1373 quia
416 1319 546 1358 libido
567 1333 709 1372 regum
730 1332 802 1370 pro
817 1317 980 1373 legibus
993 1318 1231 1358 habebatur.
1291 1311 1464 1372 Leg⁴itur
1481 1317 1617 1372 itaque
1635 1324 1650 1348 8
1664 1318 1740 1359 So-

88 1375 141 1406 01.
156 1379 207 1406 64.
220 1379 248 1405 3·
302 1378 387 1426 lon,
406 1376 469 1417 vir
478 1375 633 1430 justiti&
652 1375 836 1432 insignis,
856 1375 927 1430 qui
939 1376 1049 1416 velut
1069 1390 1218 1415 novam
1233 1374 1443 1416 civitatem
1462 1375 1628 1430 legibus
1643 1390 1739 1415 con-

87 1418 439 1493 Χὲῗὲἐέἓζάεϊεῃ
483 1432 586 1488 ²qui
623 1442 731 1475 tanto
767 1442 1083 1487 temperamento
1120 1433 1224 1474 inter
1261 1433 1425 1487 plebem
1463 1434 1739 1488 Senatumque

831 1524 1211 1571 INTERPRETATIO.

336 1587 360 1612 *²
381 1593 448 1623 Cum
462 1597 586 1623 cerneret
599 1604 627 1622 se
648 1593 816 1634 offensurum
837 1593 1006 1622 alterutrum
1035 1592 1111 1633 plebi
1138 1597 1166 1621 et
1192 1591 1311 1621 Senatui
1337 1591 1424 1627 tulit,-
1461 1596 1492 1621 ut
1514 1591 1625 1632 utm'que
1652 1590 1746 1623 ordini

300 1637 422 1667 ordinem
433 1649 443 1665 .·
468 1637 493 1665 si
511 1637 601 1675 magis
616 1638 675 1671 uni,
689 1647 772 1676 quam
787 1635 873 1665 alteri
883 1636 1008 1675 faveret
1034 1636 1177 1676 gratiosus
1182 1635 1291 1676 fuerit.

301 1681 331 1710 in
347 1680 479 1720 ferendis
502 1679 627 1721 legibus;
663 1690 708 1709 eas
738 1684 797 1708 tam
821 1680 1006 1708 convenientes

943 1725 1111 1781 NOTAE.

347 1820 376 1848 1.
400 1816 540 1859 Colchos.]
558 1817 636 1857 Quae
652 1814 793 1851 Phaside,
805 1820 912 1844 monte
922 1814 1008 1844 Tau·
1041 1812 1140 1856 'Codri
1155 1820 1254 1854 pater,
1274 1814 1327 1855 qui
1350 1814 1580 1845 Messeniorum
1600 1815 1680 1854 Rex,
1702 1815 1742 1845 ab

304 1871 352 1894 ro,
368 1860 459 1899 Iberi,
480 1867 512 1890 et
529 1862 629 1890 Ponto
644 1858 766 1890 Euxino
781 1855 1007 1888 circumscribi-
1045 1857 1218 1887 Heraclidis
1233 1857 1358 1898 ejectu3‚
1371 1857 1513 1887 Athenas
1522 1857 1593 1888 cnm
1604 1856 1743 1898 fugisset,

304 1910 366 1938 tur,
385 1904 552 1944 Mingrelli.
1043 1898 1061 1929 a*
1077 1898 1194 1929 civibus
1208 1899 1238 1930 in
1253 1909 1360 1941 regem
1377 1899 1491 1931 electus
1510 1907 1568 1931 est.
1613 1899 1660 1931 Illi
1675 1911 1743 1937 suc-

349 1949 378 1975 2.
405 1947 506 1974 Mulio
520 1943 611 1986 filia]
638 1946 669 1975 A
688 1954 750 1985 quo
776 1941 870 1974 Medi
895 1951 1007 1973 nomen

306 1987 461 2029 accepere.

350 2034 379 2061 3.
402 2029 602 2071 Demophoon]
654 2028 778 2059 Theseo
803 2038 864 2058 non
890 2028 1008 2058 Demo-

307 2073 425 2114 phoon,
450 2072 502 2103 sed
525 2071 711 2102 Mnestheus
733 2071 881 2101 successit.
925 2069 1008 2101 Csim

306 2115 391 2145 enim
405 2116 436 2145 T
438 2114 546 2145 heseus
561 2113 739 2145 Ostracismi
755 2113 856 2153 legem
870 2111 986 2143 tulisset
1001 2128 1007 2146 ;

308 2158 373 2199 ipse
385 2157 544 2188 calumniis
566 2156 644 2196 Lyci
660 2156 818 2197 cujusdam
839 2155 1006 2195 sycophan-

308 2207 350 2231 tae
366 2200 470 2240 pulsus
487 2208 531 2229 est
546 2199 689 2234 Athenis,
703 2205 734 2229 et
750 2206 911 2239 postquam
925 2198 1007 2238 jussu

308 2243 513 2283 Lycomedes
537 2243 553 2272 ὲ
570 2241 693 2272 sublimi
715 2251 786 2272 saxo
801 2239 1009 2282 praecipitatus

309 2293 366 2321 est,
380 2284 562 2315 Mnestheus
576 2294 709 2325 regnum
723 2283 843 2314 invasit.

352 2332 383 2358 4.
414 2330 560 2357 Adversus
591 2326 751 2368 Trtjanos]
795 2326 869 2356 Non
891 2325 1009 2354 Demo-

308 2369 424 2411 phoon,
448 2369 499 2399 sed
515 2369 711 2404 Mnestheus,
732 2367 866 2398 scientiae
881 2367 925 2397 rei
943 2366 1008 2397 Mi-

267 2415 269 2418 '
309 2413 406 2443 litatis
420 2423 456 2442 ex
472 2412 613 2442 Homero
628 2411 838 2453 peritissimus,
851 2410 882 2440 in
897 2409 1008 2450 Troja-

310 2465 365 2485 nos
380 2454 541 2497 pugnavit.

353 2501 381 2529 5.
396 2496 569 2538 Dorienses]
595 2497 667 2527 Non
684 2496 799 2532 Cretae,
811 2494 865 2526 sed
880 2495 1008 2525 Graeciae

310 2539 452 2582 populns,
470 2540 522 2580 qui
538 2540 576 2570 ad
600 2538 737 2570 Parnassi
752 2538 868 2568 radices
890 2536 1009 2567 habita-

309 2583 395 2618 bant,
417 2581 435 2612 ὲ
451 2583 538 2612 Doro
553 2581 695 2612 Hellenis
707 2579 772 2611 filio
786 2581 827 2610 sic
850 2580 1009 2610 nominati.

310 2627 474 2660 Pausaniae,
491 2624 750 2666 Peloponnense5‚
769 2621 1011 2660 Lacedaemonfi,

314 2668 420 2699 Velleio
435 2669 551 2698 Paterc.
564 2667 717 2697 dicuntur.

354 2714 382 2740 6.
410 2710 512 2739 Codrus
527 2708 611 2750 eran]
632 2710 713 2739 Tres
727 2709 830 2749 Reges
850 2706 869 2737 ὲ
892 2706 1011 2737 Justino

311 2751 425 2789 omissi,
441 2751 602 2790 Oxiuthes‚
613 2750 770 2795 Aphidas,
785 2759 816 2782 et.
829 2749 1012 2785 Melanthus

703 2820 722 2848 3

1044 1941 1130 1972 cessit
1146 1941 1276 1973 Codrus.

1086 1987 1114 2015 7.
1136 1986 1207 2014 Post
1229 1984 1370 2026 Codrum]
1391 1984 1495 2015 Aliter
1510 1993 1613 2016 tamen
1629 1987 1743 2016 Pausa·

1042 2026 1119 2063 nias,
1131 2027 1203 2057 cum
1218 2027 1272 2064 ait,
1285 2027 1360 2058 dum
1375 2027 1498 2058 Medon
1513 2036 1544 2058 et
1560 2028 1669 2060 Nileus
1680 2030 1743 2061 Co-

1043 2069 1091 2099 dri
1106 2068 1172 2108 filii,
1195 2069 1233 2099 de
1256 2079 1352 2111 regno
1375 2069 1563 2105 dissiderent,
1589 2070 1744 2113 Delphico

1044 2111 1178 2143 Oraculo
1201 2122 1234 2141 re
1256 2111 1413 2153 permissi,
1433 2113 1623 2154 respondisse
1637 2120 1741 2144 vatem

1044 2154 1149 2185 deberi
1173 2155 1321 2185 Medonti
1336 2154 1574 2186 Atheniensium
1590 2166 1744 2198 regnunu

1044 2198 1096 2227 sed
1111 2196 1160 2227 alii
1176 2208 1281 2227 omnes
1304 2197 1439 2227 historici
1455 2197 1576 2228 Justino
1591 2199 1744 2229 consenti-

1044 2246 1109 2270 unt.
1130 2239 1336 2270 Athenienses
1351 2239 1433 2269 enim
1447 2239 1504 2270 sub
1518 2240 1642 2281 regibus
1653 2240 1670 2272 ὲ
1684 2243 1746 2272 Ce-

1044 2293 1136 2324 crope
1160 2282 1200 2312 ad
1222 2283 1364 2314 Codrum
1387 2292 1482 2323 usque
1506 2282 1663 2321 vixerunt,
1684 2283 1745 2314 hoc

1043 2332 1099 2361 est,
1112 2324 1149 2354 ab
1165 2334 1244 2355 anno
1260 2328 1353 2360 2498,
1373 2335 1429 2366 per
1443 2334 1537 2354 annos
1550 2329 1624 2362 487,
1637 2325 1676 2356 ad
1691 2336 1745 2356 an-

1043 2378 1118 2397 num
1134 2370 1225 2397 2935.
1263 2368 1350 2397 Tum
1373 2366 1428 2397 sub
1444 2366 1656 2399 Archontibus
1673 2378 1746 2410 per·

1043 2410 1143 2451 petuis
1156 2408 1244 2440 qure
1258 2410 1344 2440 annis
1358 2408 1422 2440 sere
1439 2413 1509 2439 5314.
1552 2412 1625 2441 Post
1647 2410 1744 2440 iidem

1043 2451 1220 2482 Archontes
1234 2452 1381 2482 decennio
1395 2451 1490 2489 finiti3
1504 2452 1596 2483 annui
1611 2452 1745 2494 denique

1044 2494 1116 2525 facti
1138 2502 1228 2532 sunt3
1253 2502 1283 2525 et
1309 2506 1457 2533 ετωνυμαι,
1478 2494 1536 2525 hoc
1558 2501 1614 2531 est,
1635 2505 1743 2526 eorum

1044 2536 1219 2567 nominibus
1230 2536 1451 2568 inscribebatur
1461 2546 1567 2574 annus,
1576 2537 1621 2569 uti
1631 2539 1745 2569 Romae

1045 2577 1225 2611 Consulum.

1088 2626 1118 2652 8.
1142 2622 1250 2663 Selom]
1302 2621 1494 2659 Salaminius,
1513 2621 1565 2663 qui
1591 2621 1747 2663 abrogatis

1047 2664 1196 2695 Draconis
1220 2663 1350 2705 legibus,
1369 2675 1464 2695 novas
1478 2664 1563 2695 dedit
1585 2664 1687 2696 multo
1704 2665 1747 2696 le-

1049 2707 1157 2737 niores.
1200 2707 1352 2737 Draconis
1365 2707 1446 2738 enim
1463 2707 1582 2748 legibus
1595 2708 1746 2739 sancitum

1049 2757 1125 2786 erat,
1148 2756 1182 2781 ut
1197 2750 1251 2791 qui
1265 2759 1359 2792 poma
1374 2757 1404 2781 et
1419 2749 1479 2782 alia
1499 2749 1531 2781 id
1553 2760 1650 2792 genus
1664 2749 1747 2781 fura-
