1903 3076
617 174 729 219 LIB.
752 176 791 218 Ι.
823 175 960 221 CAP.
982 180 1044 222 X.

101 259 226 314 pulus
244 271 407 316 quoque
426 257 657 312 universus,
678 269 837 302 secutus
853 260 1058 314 judicium
1088 260 1338 316 principum,
1369 265 1544 305 eundem

102 318 263 374 Regem
280 316 503 358 constitnit.
565 318 629 358 Sic
649 334 821 373 regnum
841 318 1070 370 Persarum,
1091 330 1245 373 septem
1265 320 1543 364 nobilissimo-

54 411 59 418 .
101 391 194 416 rum
208 377 387 418 virorum
399 374 549 416 virtute
573 378 805 430 quaesitum,
823 382 837 400 ²
851 384 933 416 tam
946 375 1027 416 levi
1044 387 1250 418 momento
1262 378 1304 418 in
1320 394 1448 419 unum
1460 381 1545 419 col-

100 434 231 474 latum
251 443 323 474 est.
385 432 628 474 Incredibile
648 435 814 487 prorsus
831 434 940 475 tanta
962 434 1158 488 patientia
1173 434 1337 477 cessisse
1354 453 1416 488 e0‚
1434 439 1543 492 quod

100 499 148 532 ut
164 491 364 544 eriperent
385 490 540 545 Magis,
561 493 664 532 mori
684 508 765 532 non
786 491 1075 534 recusaverint.
1134 493 1382 549 Quanquam
1399 505 1544 548 praeter

100 549 292 599 formam,
333 548 610 604 virtutemque
651 552 728 591 hoc
758 549 936 603 imperio
975 549 1160 605 dignam,
1197 551 1322 593 etiam
1353 552 1543 608 cognatio

100 605 234 648 Dario
248 606 389 660 juncta
405 621 500 647 cum
520 605 702 660 pristinis
714 607 879 662 regibus
896 606 990 648 fuit.
1040 608 1250 662 Principio
1264 609 1389 664 igitur
1409 610 1521 666 regni
1525 639 1542 661 ,

99 669 114 687 ¹
134 664 238 719 Cyri
259 663 367 720 regis
399 665 527 705 filiam
548 664 592 704 in
622 665 928 705 matrimonium
961 665 1128 719 recepit,
1158 667 1363 722 regalibus
1391 668 1546 722 nuptiis

93 736 271 776 :egnum
311 721 563 762 firmaturus:
609 733 652 763 ut
681 738 762 763 non
800 732 884 763 tam
923 722 968 763 in
1009 732 1249 765 extraneum
1289 726 1545 776 translatum,

96 780 223 834 quam
242 780 284 821 in
306 780 505 820 familiam
528 780 630 835 Cyri
649 796 859 821 reversum
880 781 1101 822 videretur.
1162 782 1379 838 Interjecto
1398 783 1546 825 deinde

98 846 282 891 tempore
303 838 397 878 cuin
419 839 585 893 Assyrii
617 838 876 879 descivissent
902 847 941 879 et
971 839 1246 894 Babyloniam
1266 842 1545 895 occupassent,

97 894 356 951 difficilisque
380 901 395 919 ²
408 895 520 937 urbis
541 896 789 951 expugnatio
810 906 938 944 esset3
972 906 1165 939 aestuante
1185 899 1318 954 Rege,
1340 897 1357 925 3
1371 915 1475 941 unus
1494 902 1545 940 de

95 951 421 995 interfectoribus
439 954 675 1009 Magorum,
692 955 899 1011 Zopyrus,
915 955 1027 995 domi
1044 963 1111 996 ⁴se
1126 957 1364 999 verberibus
1375 957 1546 999 lacerari

97 1019 182 1052 toto
203 1027 371 1064 corpore
398 1012 536 1066 jubet:
571 1027 732 1064 nasum,
752 1028 884 1064 aures,
904 1022 942 1053 et
961 1012 1070 1053 labia
1089 1013 1168 1055 sibi
1192 1015 1383 1068 praecidi3
1421 1026 1542 1071 atque

95 1068 154 1110 ita
184 1070 292 1125 Regi
323 1069 552 1123 inopinanti
585 1085 626 1110 se
661 1070 790 1111 offert.
849 1072 1086 1111 Attonitum
1106 1081 1145 1112 et
1170 1084 1419 1127 quaerentem
1451 1074 1543 1115 Da-

96 1127 205 1168 rium
224 1131 378 1178 causas,
409 1130 698 1183 auctoremque
717 1137 802 1169 tam
833 1129 950 1169 foedae
985 1130 1255 1183 lacerationis,
1286 1132 1430 1172 tacitus
1459 1147 1544 1187 quo

95 1186 303 1239 proposito
323 1185 479 1237 fecerit,
500 1188 666 1235 edocet3
696 1187 952 1241 formatoque
971 1187 1013 1228 in
1039 1189 1176 1228 futura
1197 1190 1382 1241 consilio,
1413 1199 1545 1231 trans-

94 1243 206 1298 fugae
228 1245 346 1285 titulo
370 1244 642 1299 Babyloniam
672 1244 955 1297 proficiscitur.
1016 1245 1081 1286 Ibi
1103 1246 1272 1288 ostendit
1300 1249 1452 1302 populo
1482 1250 1546 1291 la.

93 1300 252 1342 niatum
283 1317 454 1354 corpus:
488 1301 671 1357 queritur
702 1302 983 1343 crudelitatem
1017 1303 1162 1359 Regis,
1192 1305 1215 1344 a
1246 1321 1326 1361 quo
1355 1306 1400 1346 in
1429 1308 1546 1364 regni

95 1358 310 1413 petitione,
332 1374 410 1399 non
430 1359 591 1408 virtute,
612 1361 680 1399 sed
701 1360 912 1413 auspicio,
944 1375 1022 1401 non
1043 1361 1198 1415 judicio
1225 1364 1455 1416 hominum,
1476 1368 1547 1407 sed.

95 1416 258 1458 hinnitu
280 1417 375 1472 equi
395 1425 606 1469 superatus
625 1418 698 1458 sit:
729 1418 847 1473 jubet
867 1418 961 1460 illos
981 1434 1032 1459 ex
1053 1420 1197 1461 amicis
1220 1423 1458 1476 exemplum
1477 1439 1545 1464 ca-

92 1489 209 1529 pere,
250 1475 351 1530 quid
379 1475 564 1516 hostibus
606 1479 831 1517 cavendum
863 1476 912 1517 sit
930 1494 938 1518 :
984 1479 1184 1531 hortatur,
1222 1495 1303 1520 non
1339 1481 1545 1523 moenibus

92 1532 228 1588 magis
257 1536 383 1588 quam
417 1532 540 1573 armis
568 1533 786 1583 confidant,
820 1534 1109 1590 patianturque
1140 1551 1181 1577 se
1212 1552 1427 1580 commune
1459 1542 1546 1582 bel-

95 1591 186 1631 lum
207 1592 426 1632 recentiore
443 1591 504 1630 ira
525 1606 677 1645 gerere.
738 1592 854 1632 Nota
874 1593 1063 1634 nobilitas
1083 1594 1162 1634 viri
1183 1596 1333 1648 pariter
1352 1606 1391 1638 et
1411 1597 1542 1640 virtus

95 1649 287 1689 omnibus
306 1657 413 1690 erat:
449 1663 522 1688 nec
543 1651 591 1689 dc.
610 1650 687 1689 fide
707 1649 918 1702 timebant,
947 1651 1065 1704 cujus
1084 1653 1212 1694 veluti
1231 1653 1420 1709 pignora,
1448 1657 1542 1696 vul.

91 1722 192 1748 nera
210 1706 392 1760 corporis
406 1717 444 1747 et
463 1706 621 1760 injuriae
644 1717 754 1749 notas
773 1709 993 1756 habebant.
1056 1710 1323 1752 Constituitur
1341 1728 1437 1769 ergo
1458 1716 1542 1755 dux
1559 1720 1754 1796 &Mb-3513&

1560 1769 1753 1841 vibices&

94 1767 282 1805 omnium
303 1765 522 1820 suffragio:
556 1774 595 1805 et
614 1766 777 1818 accepta
799 1766 925 1819 parva
946 1782 1082 1818 manu,
1107 1771 1233 1810 semel
1254 1779 1374 1825 atque
1394 1771 1544 1814 iterum

1701 192 1754 228 17

91 1822 330 1873 §edentibus
341 1823 527 1864 consulto
539 1823 690 1876 Persis,
711 1827 724 1851 ⁵
733 1827 908 1867 secunda
923 1827 1064 1880 praelia
1076 1826 1174 1867 facit
1184 1846 1196 1877 3
1219 1829 1270 1868 ad
1290 1839 1542 1882 postremum
1556 1851 1752 1885 Ant.C.518‚

633 1956 1010 2002 mrERPRETATio.

244 2043 261 2064 Β
277 2043 436 2087 Imperium
450 2045 609 2078 Persarum
623 2048 717 2078 datum
729 2054 769 2079 est
783 2050 832 2079 uni
840 2055 963 2092 propter
977 2061 1035 2080 rem
1049 2048 1152 2080 nullius
1166 2060 1202 2081 ex
1217 2062 1246 2081 se
1259 2053 1395 2084 momenti,

733 2160 898 2192 NOTAE.

95 2225 222 2259 somniis
235 2224 379 2261 Darium,
391 2235 484 2267 quem
496 2232 624 2268 propter
635 2233 761 2257 aetatem
773 2227 804 2257 in
834 2234 905 2258 sunt
927 2227 1017 2259 illum
1045 2227 1195 2269 irridere„
1214 2229 1300 2271 quod
1321 2234 1364 2263 20
1384 2232 1541 2264 mensibus

96 2270 225 2302 Perside
236 2270 406 2310 Hystaspes
415 2269 802 2309 reliquerat,habentemin
833 2270 911 2300 nihil
932 2271 1122 2312 profecisset,
1143 2271 1319 2314 urbemque
1340 2285 1358 2304 a
1379 2275 1478 2306 Dario
1492 2282 1543 2307 ca·

96 2311 235 2344 humeris
242 2310 316 2349 alas,
326 2321 458 2352 quarum
469 2309 565 2342 altera
577 2311 696 2347 Asiam,
707 2311 803 2342 altera
832 2312 977 2354 piendam
989 2315 1118 2356 jactare,
1139 2315 1213 2345 cum
1227 2316 1312 2347 mula
1324 2318 1501 2359 peperisset.

95 2357 258 2396 Europam
290 2353 494 2389 inumbraret.
524 2363 619 2395 quare
654 2354 803 2395 Hystaspi
875 2359 905 2386 3.
929 2357 1007 2387 Unus
1032 2358 1064 2387 de
1085 2359 1337 2400 interfectoribus]
1382 2360 1455 2390 Non
1476 2361 1543 2402 ipse

96 2396 186 2436 dixit,
221 2397 298 2427 Tuus
310 2396 396 2438 filius
419 2396 500 2432 mihi,
523 2404 550 2427 et
574 2409 658 2439 regno
682 2410 739 2427 meo
759 2400 803 2427 in·
836 2397 994 2439 Zopyrus,
1027 2399 1080 2429 sed
1115 2399 1197 2430 illius
1217 2408 1308 2442 pater
1337 2398 1543 2445 NlegabysuS,

95 2442 182 2474 ,idias
197 2440 319 2471 molitur.
834 2441 953 2482 Magos
967 2441 1138 2472 interfecit.

141 2480 599 2524 l.CyriregirfiliamiAtossam]
610 2480 802 2513 Phaedimam
876 2487 906 2513 4.
928 2484 964 2514 Se
983 2484 1168 2527 verberibus]
1205 2484 1280 2526 EJus
1300 2486 1457 2518 mularum
1480 2496 1542 2520 una

96 2532 203 2558 tamen
218 2523 351 2555 Othanis
360 2522 468 2561 filiam,
482 2534 612 2555 uxorem
623 2524 742 2555 duxisse
756 2534 803 2555 re·
833 2533 1008 2567 pepererat,
1043 2537 1105 2567 quo
1142 2535 1289 2568 portento
1324 2530 1475 2562 attonitus
1510 2541 1542 2561 se

96 2568 160 2600 fert
175 2566 294 2598 Herod.
336 2567 421 2597 Inter
435 2577 487 2599 eos
508 2567 590 2597 enim
607 2574 806 2604 convenerat,
834 2567 945 2609 ipsum,
970 2569 1033 2611 quo
1054 2568 1174 2600 facilius
1195 2570 1299 2601 hostes
1317 2570 1450 2610 falleret,
1470 2583 1540 2604 mu-

95 2618 134 2642 nt
149 2609 217 2651 regi
238 2619 300 2640 non
321 2607 442 2647 liceret,
463 2608 520 2640 nisi
535 2610 552 2641 ὲ
567 2607 682 2640 familia
697 2609 800 2650 conju—
834 2609 946 2641 tilavit.

97 2660 238 2684 ratorum
254 2661 383 2682 uxorem
398 2661 529 2682 sumere.
875 2655 906 2684 5.
937 2654 1060 2684 Secunda
1090 2655 1221 2698 prelia]
1279 2656 1421 2687 Primum
1456 2655 1545 2688 mille'

140 2699 170 2726 2.
185 2694 271 2726 Urbis
286 2693 483 2736 expugnatio.]
499 2695 584 2724 Dum
597 2693 798 2734 Babyloniam
835 2695 943 2726 Persas
957 2703 1026 2727 tum
1042 2696 1103 2727 duo
1118 2696 1228 2737 millia,
1242 2698 1313 2739 post
1323 2707 1455 2739 quatuor
1471 2700 1542 2733 mil‘³

96 2737 218 2770 obsidet
239 2736 363 2772 Darius,
386 2737 402 2766 ὲ
425 2737 521 2769 muris
551 2736 713 2778 Babylonii
736 2737 799 2769 ausi
834 2735 873 2769 lia
889 2747 926 2770 ex
941 2739 1083 2772 condicto
1098 2739 1277 2773 trucidavit.
1300 2741 1409 2773 Herod.

1112 2781 1267 2825 Ὦ.
