1903 3076
11 393 23 407 -”
0 373 15 385 ἶ-
10 152 29 361 ·““’.-“ιττνν*--

706 183 815 227 LIB.
838 184 971 227 XIV.
1005 186 1134 229 CAP.
1157 187 1241 229 111.
1263 187 1350 230 IV.
1758 198 1836 236 141

248 261 380 309 CAP.
401 264 483 307 III.
544 273 556 290 ¹
574 267 642 306 Ad
664 276 915 320 postremum
937 267 1032 308 cum
1053 269 1286 324 Antigonum
1314 269 1441 312 venire
1458 285 1541 311 cum
1559 286 1622 311 ex·
1640 271 1835 323 Victhrgy·

187 325 309 366 ercitu
322 325 551 366 nuntiatum
573 336 691 376 esset,
711 325 921 379 compellit
935 341 1003 366 eos
1018 325 1059 366 in
1076 328 1206 367 aciem
1226 330 1480 370 descendere.
1541 328 1620 379 Ibi,
1638 317 1812 387 Ἐξιῖῖηῗ

186 386 285 423 dum
313 381 425 423 ducis
461 382 633 435 imperia
663 391 940 435 contemnunt,
968 384 1148 425 hostium
1168 385 1316 426 virtute
1334 391 1348 408 ²
1365 397 1617 441 superantur.
1635 403 1794 442 conjurans.

187 441 237 481 In
257 456 304 480 eo
317 439 458 493 praelio
478 455 558 481 non
577 440 748 495 gloriam
772 441 928 481 tantum
948 450 1009 482 tot
1029 444 1247 494 bellorum,
1267 458 1362 484 cum
1378 445 1620 501 conjugibus
1635 444 1727 473 AM.
1739 445 1833 504 37:3³9.

184 505 224 538 et
241 498 395 550 liberis,
415 500 483 538 sed
500 507 538 539 et
554 498 721 551 praemia
739 499 862 554 longa
884 499 1034 541 militi-21
1052 510 1181 554 parta,
1202 501 1476 554 perdiderunt.
1539 505 1618 545 Sed
1630 484 1827 559 'gibigais'sss

182 555 403 606 Eumenes,
423 556 495 611 qui
518 564 656 596 auctor
675 556 800 597 cladis
820 567 916 608 erat,
955 573 1028 597 nec
1064 559 1186 598 aliam
1209 574 1324 610 spem
1346 561 1489 601 salutis
1518 562 1616 603 reli·
1632 571 1823 603 Anne-313.

180 627 304 668 quam
325 610 515 666 habebat,
534 613 663 654 victos
683 615 930 655 hortabatur.
990 615 1104 656 Nam
1124 625 1164 657 et
1178 618 1322 658 virtute
1339 634 1396 658 eos
1411 620 1618 675 superiores

163 671 294 724 fuisse
312 671 557 713 affirmabat:
590 672 724 728 quippe
742 672 791 712 ab
811 672 871 713 lzis
887 673 1046 728 quinque
1073 674 1198 715 millia
1225 675 1386 717 hostium
1407 691 1503 718 caesa
1521 694 1535 718 .·
1567 690 1617 730 et,

176 728 214 770 si
229 730 268 770 in
288 729 382 770 bello
393 740 577 788 perstent,
596 731 699 770 ultro
717 733 835 770 hostes
845 742 977 786 pacem
987 732 1190 788 petituros.
1235 734 1409 784 Damna,
1430 735 1561 790 quibus
1580 753 1618 776 se

177 787 298 828 victos
309 799 461 844 putent,
483 791 554 829 duo
573 787 695 828 millia
715 788 924 839 mulierum,
963 799 998 829 et
1029 801 1175 845 paucos
1195 791 1373 846 iffantes,
1403 804 1439 833 et
1456 793 1617 835 servitia

174 861 261 897 esse,
280 862 362 901 quae
380 847 514 888 melius
532 846 710 887 vincendo
736 845 883 901 possint
900 857 1097 901 reparare,
1125 851 1242 904 qusint
1271 850 1464 892 deserendo
1491 852 1617 893 victo-

175 904 290 945 riam.
353 912 367 929 ²
385 905 508 946 Porro
538 905 858 960 Argyraspides,
887 921 997 958 neque
1011 907 1158 960 sugam
1178 922 1214 946 se
1232 918 1439 949 tentaturos
1458 910 1617 964 dicunt,

167 972 255 1017 post
269 964 409 1004 damna
412 962 742 1020 patrimoniorum,
756 978 866 1016 neque
877 963 1013 1002 bellum
1023 974 1194 1017 gesturos
1206 977 1339 1005 contra
1353 967 1489 1008 liberos
1501 984 1583 1011 suos
1595 988 1614 1016 ;

177 1021 366 1076 ultroque
388 1036 483 1062 eum
501 1020 688 1062 convitiis
704 1019 873 1074 agitant,
894 1023 911 1047 b
923 1022 1025 1075 quod
1036 1038 1071 1061 se
1079 1031 1167 1077 post
1182 1033 1237 1064 tot
1248 1039 1362 1064 annos
1375 1025 1614 1067 emeritorum

174 1079 453 1134 stipendiorum,
481 1080 670 1120 redeuntes
686 1080 832 1118 domum
852 1093 934 1118 cum
946 1080 1121 1135 praemiis
1149 1091 1205 1121 tot
1235 1081 1429 1134 bellorum,
1459 1084 1509 1124 ab
1527 1085 1617 1141 ipsd

174 1137 341 1178 missione
358 1153 489 1178 rursus
508 1137 546 1178 in
576 1152 710 1177 novam
730 1135 924 1188 militiam,
959 1137 1207 1192 immensoque
1227 1137 1340 1191 bella,
1358 1142 1614 1195 revocaverit,

172 1205 208 1235 et
229 1196 255 1235 ἂ
272 1194 421 1236 laribus
425 1199 517 1250 jam
535 1195 801 1249 quodammodo
819 1195 908 1244 suis,
928 1205 963 1235 et
983 1195 1032 1236 ab
1052 1195 1130 1252 imo
1161 1196 1288 1238 limine
1299 1199 1445 1254 patriae
1463 1200 1612 1240 abduc-

172 1261 242 1304 tos,
261 1253 436 1294 inanibus
456 1252 655 1309 promissis
674 1253 858 1308 deceperit
875 1269 887 1292 :
920 1269 1014 1294 nunc
1034 1269 1173 1309 quoque
1192 1255 1339 1297 amissis
1357 1257 1612 1311 omnibusfoe-

172 1309 258 1351 licis
277 1311 426 1352 militiae
442 1311 659 1366 quaestibus,
688 1327 732 1351 ne
759 1310 880 1351 victos
906 1311 1054 1365 quidem
1075 1313 1114 1353 in
1133 1314 1268 1355 misera
1288 1324 1323 1354 et
1344 1314 1450 1372 inopi
1465 1319 1614 1358 senecta?

167 1368 350 1425 quiescere
384 1370 500 1411 sinat.
561 1374 575 1398 3
591 1369 749 1425 Ignaris
783 1369 927 1409 deinde
957 1368 1144 1421 ducibus,
1176 1371 1391 1413 confestim
1413 1376 1462 1414 ad
1488 1373 1611 1415 Anti..

171 1442 327 1481 gonum
357 1429 510 1483 legatos
540 1427 717 1475 mittunt,
748 1435 928 1480 petentes
950 1437 992 1468 ut
1010 1444 1077 1468 sua
1108 1430 1219 1470 reddi
1231 1430 1387 1485 jubeat.
1447 1431 1492 1472 Is
1519 1433 1610 1472 red-

167 1485 337 1526 diturum
356 1502 392 1526 se
410 1485 640 1540 pollicetur,
676 1485 712 1525 si
746 1486 948 1526 Eumenem
981 1485 1057 1526 sihi
1083 1489 1257 1530 tradant.
1318 1489 1482 1544 Quibus
1511 1504 1609 1545 cog-

170 1543 280 1594 nitis,
311 1544 519 1585 Eumenes
560 1557 654 1583 cum
687 1542 825 1596 paucis
863 1549 879 1573 ⁴
899 1543 1038 1598 fugere
1069 1545 1235 1586 tentavit
1258 1562 1267 1586 :
1298 1549 1366 1587 sed
1397 1556 1608 1599 retractus,

168 1603 388 1654 desperatis
419 1603 557 1651 rebus,
607 1616 702 1642 cum
734 1615 953 1642 concursus
998 1603 1269 1644 multitudinis
1314 1604 1447 1645 factus
1485 1614 1607 1658 esset,

168 1660 272 1713 petit
291 1668 336 1700 ut
355 1670 604 1713 postremum
625 1658 701 1700 sibi
717 1658 878 1713 *alloqui
901 1659 1124 1701 exercitum
1145 1661 1299 1702 liceret.
1643 1700 1646 1704 ,

226 1717 359 1758 CAP.
378 1717 461 1758 IV.
481 1718 622 1759 Jussus
635 1720 684 1757 ab
697 1717 895 1756 universis
908 1717 1172 1767 dicere‚fact0
1183 1719 1359 1769 silentio,
1373 1721 1604 1776 laxatisque
1619 1738 1756 1770 Eumenes
1779 1738 1816 1770 ab

164 1775 356 1826 vinculis,
371 1777 583 1830 prolatam,
600 1775 703 1815 sicut
716 1783 798 1814 erat
812 1786 1029 1827 catenatus,
1040 1792 1203 1817 manum
1218 1778 1406 1819 ostendit:
1425 1779 1604 1828 Cernitis.,
1620 1783 1808 1823 Argyraspi-

164 1834 318 1887 milites,
335 1834 486 1892 inquit,
502 1834 673 1875 habitum
692 1844 801 1887 atque
823 1845 1040 1875 ornamenta
1056 1835 1160 1876 ducis
1174 1838 1308 1889 vestri,
1325 1851 1408 1891 quae
1422 1837 1520 1879 mihi
1534 1853 1604 1879 non
1617 1826 1816 1901 ffiffiss‘rifm

696 1941 1077 1975 IN'I'ERPRETATIO.

206 2021 223 2043 ²
240 2023 453 2065 Argyraspides
466 2024 559 2054 dicun:
582 2035 611 2053 se
633 2033 684 2050 non
698 2026 864 2061 arrepturus
900 2020 998 2051 bellum
1013 2021 1132 2063 diffi'ct'le,
1145 2021 1209 2051 dum
1224 2022 1346 2066 redit-en(
1359 2021 1389 2050 in
1397 2013 1528 2062 peritiam
1542 2032 1603 2051 cum

151 2067 273 2109 sugam,
286 2067 441 2108 conjugibus
454 2068 511 2096 suis
522 2066 615 2106 captis
630 2064 663 2094 ab
679 2063 807 2093 hostibus.
897 2066 1022 2103 praemiis
1039 2077 1098 2105 quae
1113 2066 1266 2094 retulerant
1279 2066 1307 2093 in
1322 2070 1362 2093 tot
1375 2064 1453 2094 bellis
1465 2065 1494 2093 in
1504 2065 1602 2104 quibus

205 2109 223 2135 b
243 2108 322 2149 Quid
333 2117 405 2150 tpsos
420 2110 564 2140 reduxerit
577 2109 616 2137 ad
634 2119 707 2137 nova
718 2106 823 2148 praelia
838 2112 863 2135 et
894 2113 950 2147 per
964 2113 1004 2137 tot
1018 2119 1101 2137 annos
1116 2119 1199 2139 arma
1209 2112 1364 2149 gesserant.

792 2167 978 2201 NOTAE.

163 2235 285 2274 cellam,
309 2246 439 2267 aureum
468 2242 638 2277 sceptrum,
672 2240 704 2264 et
723 2231 866 2262 diadema
897 2231 993 2261 nullia
1008 2232 1108 2264 caedit.
1143 2231 1208 2264 Ubi
1224 2239 1311 2274 capta
1321 2231 1358 2264 ab
1371 2232 1604 2276 Antigonoim-

163 2280 238 2321 poni
259 2280 357 2320 jussit,
379 2279 479 2319 eoque
502 2287 609 2308 omnes
629 2274 768 2317 quotidie
792 2284 863 2304 con-
897 2275 1075 2315 pedirnenta
1090 2275 1219 2311 audivit,
1234 2275 1348 2305 iterum
1364 2275 1531 2317 confligere
1543 2284 1604 2308 sta-

161 2322 278 2358 venire,
308 2330 343 2352 ut
358 2320 454 2352 ibide
479 2320 608 2351 summis
628 2318 721 2349 rebus
743 2316 867 2348 consilia
897 2317 973 2354 usit:
1000 2318 1052 2349 sed
1073 2316 1187 2349 frustra
1208 2319 1437 2359 Argyraspidas
1462 2321 1606 2350 hortatus

163 2371 358 2408 caperentur,
899 2368 942 2390 est
961 2361 998 2390 ad
1014 2371 1165 2402 pugnam,
1180 2361 1276 2402 quiin
1291 2360 1437 2391 mulieres
1448 2368 1479 2392 et
1490 2361 1605 2392 liberos

207 2412 234 2439 1.
263 2409 315 2438 Ad
327 2404 522 2448 postremum]
566 2404 582 2435 J
585 2415 636 2436 am
660 2402 819 2445 Euphrate
835 2411 865 2434 et
899 2410 1004 2444 captos
1017 2404 1055 2434 ab
1071 2404 1234 2444 Antigono
1249 2413 1388 2445 pugnare
1398 2402 1591 2435 recusarunt.

160 2450 295 2492 Tigride
335 2456 490 2490 superato,
538 2447 633 2478 semel
666 2449 864 2489 Antigonum
941 2450 970 2477 8.
991 2447 1110 2489 Ignaris
1131 2444 1266 2495 ducibus]
1320 2445 1469 2477 Testatur
1500 2455 1606 2477 tamen

160 2503 259 2535 prope
275 2490 435 2522 Gabienen
447 2491 572 2522 vicerat.
901 2488 1084 2519 Plutarchus
1097 2490 1235 2530 Legatos
1247 2499 1264 2518 a
1280 2488 1422 2518 Teutane
1444 2489 1552 2519 missos
1564 2488 1606 2519 ad

206 2539 234 2567 2.
258 2532 460 2576 Superantur]
513 2533 692 2574 Antigonus
721 2533 864 2564 Eumenk
904 2532 1098 2574 Antigonum
1114 2539 1149 2561 ut
1163 2529 1388 2571 impedimenta
1403 2531 1559 2561 redderet.

161 2577 394 2619 impedimentis
408 2577 525 2617 potitus
539 2576 719 2606 Peucestem
737 2577 868 2607 Persidis
942 2578 970 2604 4.
985 2575 1094 2615 Fugere
1117 2572 1262 2615 tentavit]
1305 2572 1432 2603 Fraudis
1461 2574 1605 2621 ignarum

162 2619 346 2661 praefectcm
359 2629 430 2649 cum
443 2619 502 2649 suis
513 2619 542 2648 in
557 2619 663 2659 fugam
680 2619 791 2649 vertit:
816 2629 846 2650 se
913 2638 916 2646 ι
939 2617 1138 2648 multitudine
1174 2625 1364 2657 oppressum.
1400 2623 1431 2646 et
1461 2614 1606 2646 mambus

165 2663 331 2698 Eumenes,
347 2669 448 2691 certus
474 2670 527 2691 aut
555 2661 636 2691 mori
662 2668 714 2691 aut
737 2662 868 2697 vincere,
905 2668 972 2702 post
986 2668 1112 2702 tergum
1127 2657 1240 2699 ligatis,
1252 2664 1444 2701 pertractum
1453 2656 1492 2688 ad
1502 2656 1607 2691 hostes

164 2704 305 2747 equitatu
319 2707 359 2735 ad
371 2714 402 2736 se
417 2710 555 2745 recepto,
582 2702 718 2745 quinque
733 2702 869 2737 hostium
903 2703 1008 2736 scribit
1022 2701 1215 2735 Plutarchus.
