1903 3076
594 173 705 214 Liss.
738 138 803 215 V,
847 173 980 214 CAP.
1012 172 1074 214 X.

113 266 156 298 et
181 255 343 311 ¹Lysias
357 254 631 307 Syracusanus
646 263 792 299 orator..
813 254 909 294 exul
922 262 1032 304 tunc,
1045 251 1287 308 quingentos
1305 253 1469 308 milites,
1485 256 1559 296 sti-

117 315 265 369 pendio
285 327 355 358 suo
374 311 605 360 instructos,
627 311 668 351 in
689 311 890 352 auxilium
912 312 1051 364 patriae
1067 313 1295 353 communis
1315 314 1560 368 eloquentiae

114 373 240 414 misit.
298 369 367 410 Fit
396 369 532 424 itaque
555 384 742 422 asperum
767 369 976 423 praelium:
1012 371 1082 410 sed
1103 370 1198 409 cum
1219 371 1312 411 hinc
1335 387 1408 425 pro
1430 372 1562 425 patria

111 428 284 473 summis
305 427 476 476 viribus,
506 427 599 467 inde
621 443 695 481 pro
716 428 845 469 alien&
862 427 1136 468 dominatione
1157 428 1339 469 securius
1359 445 1563 485 pugnare-

113 499 194 538 tur,
214 486 376 542 tyranni
397 486 638 525 vincamur:
673 487 775 527 victi
806 487 846 526 in
878 488 1022 526 urbem
1053 486 1315 541 refugerunt,
1348 503 1469 543 quam
1492 503 1564 527 ex-

114 548 298 588 haustam
321 544 500 585 caedibus
522 544 618 593 suis,
641 545 764 585 etiam
785 544 907 584 armis
927 543 1113 598 spoliant.
1147 545 1325 594 Deinde,
1357 561 1450 585 cum
1472 561 1562 586 om-

111 618 183 645 nes
198 603 466 644 Athenienses
487 603 725 655 proditionis
741 615 946 655 suspectos
962 604 1170 652 haberent,
1185 603 1410 659 demigrare
1429 619 1495 644 eos
1511 618 1564 643 ex

111 663 213 703 urbe
230 661 392 715 jubent,
412 669 454 701 et
475 661 512 699 in
535 661 712 701 brachiis
742 661 864 711 muri,
894 675 984 716 quae
1005 661 1138 701 diruta
1165 662 1336 711 fuerant,
1367 662 1565 711 habitare,

111 719 312 761 extraneis
330 719 531 759 militibus
551 718 771 772 imperium
792 729 962 760 tuentes.
1021 719 1115 760 Post
1143 721 1230 760 haec
1253 719 1563 775 Thrasybulum

115 791 375 831 corrumpere
416 778 577 831 imperii
616 777 849 818 societatem
889 777 1143 831 pollicentes,
1183 788 1401 819 conantur:
1448 779 1563 832 'quod

113 837 212 878 cum
234 851 313 876 non
333 836 582 892 contigisset,
604 836 761 876 auxilia
782 837 805 876 a
826 835 1144 876 Lacedaemoniis
1164 836 1376 889 petivere:
1411 837 1563 891 quibus

115 895 274 946 accitis,
311 895 478 935 'iterato
511 894 761 948 praeliantur.
824 894 870 934 ln
892 909 940 934 eo
960 895 1070 934 bello
1103 894 1255 935 Critias
1288 906 1325 935 et
1358 894 1564 948 Hippolo-

112 955 229 1002 chus,
252 954 437 994 omnium
461 964 725 1007 tyrannorum
747 952 980 1001 saevissimi,
1003 955 1165 992 cadunt.

175 1013 306 1053 CAP.
326 1012 386 1052 X.
406 1011 574 1052 Caeeris
589 1021 726 1062 victis,
743 1013 839 1051 cum
859 1011 1058 1051 exercitus
1073 1025 1230 1060 eorum,
1243 1025 1293 1050 ex
1307 1009 1458 1065 quibus
1475 1025 1562 1050 ma-

109 1071 176 1126 jor
198 1086 290 1124 pars
312 1070 628 1111 Atheniensium
650 1083 747 1114 erat.
779 1071 950 1125 fugeret,
981 1084 1129 1124 magna
1154 1084 1254 1108 voce
1275 1068 1564 1124 Thrasybulus

115 1131 330 1176 exclamat,
367 1129 446 1168 Cur
472 1145 507 1168 se
526 1128 895 1183 victoremfitgicmt,
910 1127 1041 1183 potins
1063 1128 1180 1182 quam
1200 1137 1243 1166 ut
1261 1125 1446 1167 vindicem
1464 1143 1563 1167 com-

113 1187 235 1231 munis
263 1186 455 1228 libertatis
485 1188 666 1241 adjuvent
684 1190 704 1225 >9
755 1187 904 1227 Civmm
934 1186 1042 1226 illam
1072 1183 1306 1225 meminerint
1334 1185 1466 1236 aciem,
1495 1201 1565 1226 non

111 1246 274 1288 hostium
294 1261 365 1286 esse
381 1265 397 1294 ;
429 1260 493 1285 nec
512 1260 547 1284 se
568 1246 648 1286 ider)
669 1261 780 1286 arma
802 1244 946 1301 cepisse,
977 1255 1019 1285 ut
1038 1243 1170 1298 aliqua
1190 1242 1303 1284 victis
1322 1243 1485 1293 adimat,
1506 1244 1570 1284 sed

112 1316 157 1347 ut
177 1307 354 1362 adempta
373 1303 552 1345 restituat
568 1320 579 1343 .·
616 1303 798 1360 Triginta
815 1320 850 1343 se
870 1302 1042 1351 dominis,
1072 1318 1141 1343 non
1160 1300 1318 1343 civitati
1343 1301 1478 1343 Bellum
1507 1302 1568 1342 in-

99 1365 233 1422 ferre.
295 1365 506 1404 Admonet
541 1361 686 1402 deinde
720 1360 987 1417 cognationis,
1017 1362 1174 1415 legum,
1214 1374 1421 1401 sacrorum
1454 1374 1567 1400 com-

115 1422 329 1464 munium:
352 1430 442 1463 tum
459 1420 606 1461 vetusti
629 1435 700 1473 per
721 1430 779 1462 tot
799 1421 910 1461 bella
930 1419 1187 1460 commilitii:
1226 1426 1328 1469 orat,
1349 1419 1569 1459 miserean-

113 1489 182 1523 tur
212 1481 381 1522 exulum
402 1479 577 1527 civium,
598 1478 631 1519 si
652 1488 738 1520 tam
759 1479 956 1533 patienter
976 1478 1055 1532 ipsi
1076 1477 1275 1531 serviant:
1299 1478 1465 1517 reddant
1486 1475 1569 1517 sibi

114 1540 308 1595 patriam,
331 1538 535 1591 accipiant
556 1537 801 1579 libertatem.
861 1537 939 1578 His
959 1537 1130 1577 vocibus
1153 1536 1312 1577 tantum
1335 1546 1568 1589 promotum

47 1602 52 1604 ⁷
106 1608 189 1647 est,
219 1606 267 1639 ut
296 1611 482 1637 reversus
512 1595 554 1635 in
588 1598 734 1636 urbem
766 1595 981 1646 exercitus,
1011 1609 1099 1635 xxx
1138 1603 1330 1649 tyrannos
1368 1593 1568 1648 emigrare

53 1704 56 1707 ,
114 1656 314 1699 Eleusina
339 1656 515 1709 juberet,
548 1653 775 1695 substitutis
815 1657 971 1699 decem,
1001 1653 1074 1707 qui
1109 1653 1315 1706 rempubl.
1354 1661 1566 1706 regerent:

116 1715 207 1772 qui,
239 1713 343 1754 nihil
374 1714 565 1766 exemplo
596 1712 741 1766 prioris
770 1711 1055 1753 dominationis
1087 1711 1229 1761 territi,
1258 1711 1428 1751 eandem
1457 1709 1569 1749 viam

1712 187 1767 219 03

1579 1027 1772 1071 Thrasybulus

1575 1078 1585 1100 t
1583 1072 1778 1113 yrannosoerbe

1573 1117 1670 1156 p„·llit‚·
1685 1117 1746 1156 qui,

1576 1160 1639 1187 dum
1654 1158 1754 1187 bellum

1579 1207 1728 1242 reparant,

1581 1245 1770 1276 trucidantur.

116 1772 370 1814 crudelitatis
392 1770 573 1825 aggressi
596 1781 701 1811 sunt.
753 1771 870 1812 Dum
891 1773 977 1812 haec
1000 1779 1187 1825 aguntur,
1209 1767 1419 1809 nuntiatur
1440 1767 1569 1807 Lace-
1616 1790 1624 1794 ἢ

115 1834 314 1879 daemone,
334 1831 490 1871 bellurn
513 1829 690 1870 Athenis
722 1829 941 1870 exarsisse:
975 1830 1025 1868 acl
1055 1830 1165 1882 quod
1196 1826 1567 1880 comprimendum,

118 1890 364 1931 ³Pausanias
383 1903 456 1928 rex
492 1886 686 1928 mittitur:
721 1888 796 1943 qui
829 1886 1106 1928 misericordia
1138 1894 1360 1939 permotus,
1391 1884 1567 1937 patriam

118 1947 283 1990 miseris
312 1946 476 1987 civibus
509 1946 701 1996 restituit,
732 1958 770 1988 et
790 1948 930 1987 decem
952 1956 1145 1999 tyrannos
1166 1959 1218 1984 ex
1247 1945 1347 1983 urbe
1369 1942 1568 1983 Eleusina

115 2006 297 2062 migrare
317 2008 366 2045 ad
389 2016 553 2046 caeteros
570 2004 699 2058 jubet.
746 2004 908 2060 Quibus
926 2005 1047 2043 rebus
1067 2003 1162 2043 cum
1181 2017 1259 2055 pax
1284 2010 1428 2043 statuta
1450 2010 1569 2053 esset,

117 2063 338 2118 interjectis
359 2062 517 2116 diebus²
546 2063 712 2115 repente
733 2061 911 2118 tyranni,
928 2076 1009 2102 non
1029 2060 1167 2101 minus
1188 2059 1390 2100 restitutos
1410 2059 1570 2110 exules,

118 2123 243 2179 quam
258 2137 300 2163 se
321 2121 361 2162 in
383 2120 556 2161 exilium
579 2130 689 2160 actos
709 2121 976 2177 indignantes,
997 2119 1112 2175 quasi
1132 2119 1228 2158 vero
1248 2117 1425 2158 aliorum
1443 2116 1570 2157 liber-

117 2190 199 2232 tas,
225 2195 296 2221 sua
318 2178 491 2220 servitus
512 2188 630 2229 esset,
659 2179 818 2220 bellum
841 2177 1162 2219 Atheniensibus
1194 2176 1393 2216 inferunt:
1428 2177 1496 2216 sed
1518 2177 1570 2216 ad

117 2238 390 2294 colloquium,
436 2237 561 2276 veluti
612 2237 931 2277 dominationem
971 2234 1190 2288 recepturi,
1229 2234 1445 2288 progressi,
1497 2247 1571 2286 per

115 2296 289 2340 insidias
317 2294 617 2348 comprehensi,
644 2303 691 2335 ut
721 2294 831 2348 pacis
861 2293 1040 2335 victimae
1070 2292 1346 2333 trucidantur:
1376 2292 1571 2346 populus,

118 2369 246 2412 quem
274 2354 475 2409 emigrare
492 2352 710 2406 jusserant,
741 2352 782 2393 in
802 2354 945 2393 urbem
966 2362 1192 2392 revocatur.
1255 2352 1394 2406 Atque
1423 2352 1478 2390 ita
1499 2365 1571 2403 per

118 2414 252 2457 multa
271 2413 457 2454 membra
477 2410 623 2452 civitas
643 2410 850 2465 dissipata,
888 2410 928 2451 in
951 2426 1082 2451 unum
1111 2418 1269 2450 tantum
1297 2418 1444 2462 corpus
1463 2408 1571 2449 redi-

261 2503 262 2506 ’
680 2496 683 2497 ’
773 2494 943 2524 NOTAE.

165 2554 196 2583 1.
211 2549 242 2584 L
261 2548 348 2593 sias-J
370 2545 501 2589 Cephali
515 2544 608 2582 filius,
619 2552 710 2576 natus
724 2544 825 2576 Athe·
908 2548 938 2575 3.
960 2541 1155 2586 Pausanias.]-
1202 2542 1294 2575 Prius
1317 2541 1480 2583 Lysander
1501 2553 1575 2576 cum

120 2593 179 2629 uis,
194 2603 249 2624 mu
262 2592 331 2624 tum
345 2591 364 2623 εἰ
379 2591 531 2623 Cicerone
540 2590 668 2632 propter
679 2587 824 2629 eloquen-
865 2587 1012 2623 exercitu,
1039 2594 1075 2618 ut
1098 2588 1264 2627 Pyraeeum
1274 2582 1451 2622 ‘obsides-et,
1465 2585 1575 2618 missus

119 2637 199 2669 tiam
212 2634 364 2667 laudatus.
448 2637 454 2641 '
866 2628 980 2661 fuerat:
1006 2629 1060 2660 sed
1074 2629 1238 2660 Pausanias
1252 2628 1380 2666 veritus,
1394 2638 1432 2658 ne
1448 2627 1574 2660 laudem

165 2682 196 2710 2.
208 2678 318 2710 Iterat&
327 2674 531 2720 prelianth
552 2673 826 2714 Secundumyprae-
867 2672 982 2703 iterum
994 2679 1092 2713 captae
1104 2671 1190 2702 urbis
1204 2670 1387 2712 acquireret,
1404 2671 1575 2702 concedere

121 2721 213 2757 lium,
236 2720 269 2752 in
284 2730 348 2761 quo
361 2718 473 2750 cecidit
488 2717 612 2754 Critias,
627 2713 825 2752 commissum
866 2725 974 2756 pacem
982 2712 1335 2755 Atheniensibus,quam
1346 2713 1574 2756 Lysandriglo-

121 2772 180 2800 est.
194 2770 359 2805 postquam
370 2759 587 2802 Thrasybulus
597 2769 669 2793 cum
682 2757 768 2791 mille
779 2768 826 2789 so·
867 2757 944 2787 riam
967 2766 1102 2789 crescere
1127 2755 1250 2789 maluit.
1295 2756 1374 2789 Haec
1397 2756 1517 2800 Qiodor.
1541 2763 1573 2787 et.

124 2807 179 2840 ciis
192 2808 340 2849 Pyraeum
356 2802 531 2846 occupavit.
867 2801 997 2842 Xenopb.

1581 1834 1675 1866 A.M.
1686 1837 1779 1867 3652.

1582 1877 1632 1908 Ol.
1650 1881 1698 1909 94.
1713 1882 1743 1908 3.

1583 1920 1698 1951 Urb.C.
1708 1922 1781 1950 351.

1581 1964 1781 1997 Ant.C.·10Q

1674 2095 1689 2102 ..a
