1903 3076
592 152 704 194 Lm.
736 134 823 195 Χῖ.
870 153 1003 195 CAP.
1035 153 1146 195 XV.

136 245 182 278 ut
216 236 260 278 iu
289 235 394 278 terra
424 239 623 285 eorum‚¹
640 233 716 289 qui
749 235 975 276 successuri
1009 235 1185 319 imperio
1214 245 1340 289 erant,
1369 237 1584 281 Persarum

134 309 309 352 regnum
327 293 521 334 finiretur.
591 292 827 334 Alexander
847 300 1046 350 quoque²
1062 296 1183 335 citato
1203 311 1323 336 cursu
1343 298 1501 350 postera
1517 299 1584 339 die

137 351 395 408 supervenit:
418 349 562 405 ibique
575 351 766 406 cognovit
786 352 965 393 Darium
981 353 1027 392 cl
1021 367 1117 393 iuso
1133 354 1323 394 vehiculo
1337 369 1407 407 per
1423 365 1584 397 noctem

137 419 410 466 exportatum.
467 407 620 474 Jusso
608 420 745 465 ltaque
762 411 944 451 exercitu
966 411 1175 466 subsequi,
1192 426 1286 452 cum
1308 428 1378 452 sex
1400 414 1587 455 millibus

137 469 325 526 equitum
341 466 590 523 fugientem
580 468 886 523 1nsequitur:in
898 469 1041 509 itinere
1055 471 1181 509 multa
1193 480 1231 510 et
1246 470 1471 523 periculosa
1483 487 1587 525 prae-

137 527 195 568 lia
212 526 327 567 facit.
387 526 591 566 Emensus
610 526 756 567 deinde
781 527 909 566 multa
928 526 1060 567 millia
1078 542 1286 580 passuum,
1307 528 1400 568 cun]
1417 530 1587 570 *nullum

137 583 262 627 Darii
280 583 480 624 indicium
499 584 727 637 reperisset,
746 584 969 637 respirandi
986 585 1100 640 equis
1112 586 1201 626 dat&
1218 595 1429 639 potestate,
1451 593 1464 617 ³
1483 602 1586 628 nnus

135 657 190 684 ex
201 642 516 694 militibus,dum
526 644 576 682 ad
584 642 738 682 fontem
751 642 985 697 proximum
998 644 1186 698 pergit,in
1194 644 1386 686 vehiculo
1395 646 1590 696 Darium,

135 700 277 742 multis
288 700 453 766 quidem
465 700 725 741 ⁴vu1neribus
737 701 987 752 confossum,
1000 703 1069 741 sed
1082 702 1299 755 spirantem
1316 706 1392 744 adh
1399 719 1462 754 uc,
1476 704 1590 750 inve-

137 758 220 810 nit;
234 758 319 815 qui,
333 763 347 788 ⁵
357 758 554 812 applicito
564 758 740 812 captivo,
753 773 848 799 cum
861 758 993 799 civem
1007 774 1058 799 ex
1070 775 1168 800 voce
1179 761 1453 814 cognovisset
1461 763 1591 803 idsal-

137 827 211 859 tem
217 817 594 874 praesentzsfortunae
608 816 784 857 solatium
795 817 931 857 habere
942 833 978 857 se
990 817 1112 869 dixit,
1127 819 1227 872 quod
1236 821 1340 874 apud
1351 825 1368 848 ⁶
1380 820 1589 862 intellectu-

137 891 226 916 rum
254 877 446 916 locuturus
464 885 567 926 esset,
586 891 650 916 nec
670 874 854 916 incassum
864 885 1078 932 postremas
1095 891 1200 916 voces
1220 877 1428 918 eszsurus
1491 879 1590 920 Per-

136 933 237 974 ferri
257 936 343 974 haec
365 933 604 974 Alexandro
630 934 807 987 jubet‚²
823 949 858 974 se
877 933 992 974 nullis
1017 949 1056 974 ιιι
1085 949 1163 974 eum
1194 937 1411 976 meritorum
1441 926 1590 989 officiis,

138 991 390 1033 maximorum
411 991 475 1032 illi
499 992 699 1032 debitorem
720 991 832 1044 mori,
859 991 995 1047 quod
979 1008 1018 1033 ιιι
1037 1002 1158 1032 matre
1178 992 1378 1048 lzberzsque
1407 1009 1499 1046 suls,
1527 1011 1568 1036 re
1569 1021 1590 1031 -

133 1050 243 1106 gium
270 1053 346 1105 ejus
375 1065 445 1090 non
473 1049 639 1090 hostilem
678 1049 843 1091 animum
880 1060 1069 1106 expertus,
1097 1050 1263 1105 Ῐείίεῖιὶι
1297 1054 1434 1092 hostem
1471 1055 1590 1107 qudm

141 1117 318 1164 cognatos
335 1118 491 1149 sortztus
511 1107 593 1148 sit.-
624 1107 758 1165 quippe
777 1109 898 1150 matri
914 1118 949 1149 et
969 1109 1098 1149 lissbems
1117 1125 1193 1149 suzs
1212 1109 1262 1149 ab
1277 1111 1397 1150 eodem
1412 1113 1471 1152 [ιο
1465 1122 1512 1151 te
1527 1111 1591 1151 vi-

140 1177 224 1208 tam
242 1167 390 1217 datam,
407 1166 485 1206 szbz
502 1167 528 1206 ἁ
549 1177 719 1221 cognatu
739 1178 918 1224 ereptam,
952 1167 1086 1222 quibus
1104 1177 1140 1207 et
1158 1178 1296 1218 vztam,
1326 1179 1360 1208 et
1377 1185 1496 1223 regna
1525 1170 1590 1209 de-

139 1223 273 1272 demt;
305 1223 567 1281 ‚Quamobrem
589 1224 765 1279 gratiam
787 1226 865 1265 illis
892 1240 972 1265 eam
988 1226 1191 1280 futuram,
1220 1241 1334 1281 quam
1362 1239 1438 1283 zpse
1465 1227 1593 1269 victor

139 1283 256 1324 volet.
314 1282 540 1323 Alexandro
558 1283 704 1338 referre
722 1299 773 1336 se,
791 1299 905 1338 quam
925 1286 1044 1324 solam
1062 1284 1220 1324 moriens
1231 1293 1371 1339 potest,
1382 1285 1587 1339 gratiam.
1577 1301 1592 1311 ·

131 1338 300 1398 precari
322 1343 496 1396 superum
526 1340 761 1397 irfirumque
795 1341 962 1408 nunfz'na,
992 1352 1027 1382 et
1048 1343 1193 1397 regales
1220 1344 1317 1393 deos,
1346 1353 1403 1384 utz
1423 1343 1487 1385 zllz‘
1511 1355 1593 1385 ter.

141 1414 278 1440 rarum
295 1398 455 1440 omnium
473 1398 618 1440 victori
644 1400 838 1456 contingat
857 1399 1068 1457 imperium.
1128 1400 1146 1425 b
1155 1401 1246 1440 Pro
1274 1417 1311 1441 se
1324 1405 1478 1456 justam
1508 1419 1594 1443 ma-

135 1457 216 1512 gis,
235 1457 350 1512 qudm
365 1472 527 1512 gravem
546 1459 715 1514 sepultur
715 1477 748 1500 ae
766 1458 913 1501 veniam
931 1474 1058 1500 orare.
1105 1458 1230 1516 Quod
1245 1461 1299 1499 ad
1312 1459 1486 1501 ultzonem
1496 1472 1594 1517 per-

143 1515 278 1566 tinent,
292 1519 386 1570 jam
413 1531 485 1556 non
513 1531 634 1567 suam,
663 1518 728 1557 sed
753 1518 924 1574 exemplz,
954 1532 1246 1572 communemque
1274 1517 1435 1558 omnium
1463 1533 1593 1572 regum

142 1590 217 1614 esse
235 1589 401 1624 causam,
432 1589 544 1628 quam
564 1574 763 1629 negligere,
785 1575 848 1616 illi
863 1586 898 1616 et
918 1576 1130 1616 mdecorum
1148 1585 1184 1615 et
1205 1575 1460 1630 periculosum
1488 1593 1593 1617 esse:

143 1631 280 1688 quippe
300 1634 384 1671 ειὶηι
403 1631 442 1672 in
461 1633 584 1672 altero
598 1633 769 1688 justztzae
792 1636 883 1689 ejus,
911 1650 951 1674 zn
971 1635 1092 1674 altero
1122 1643 1235 1673 ettam
1265 1633 1448 1674 utilztatis
1477 1651 1595 1676 causa

145 1700 330 1730 versetur.
390 1690 442 1731 In
465 1705 578 1744 quam
598 1706 677 1731 rem
705 1707 855 1732 unzcum
870 1703 1010 1748 ngnus
1024 1691 1128 1745 fidet
1153 1691 1282 1745 regiae,
1312 1693 1530 1733 ⁷dexteram
1558 1709 1596 1733 se

130 1748 341 1804 serendum
361 1748 586 1789 Alexandro
599 1750 705 1791 dare.
754 1750 851 1791 Post
870 1753 956 1805 haec
976 1750 1161 1804 porrecta
1182 1764 1306 1790 manu
1325 1755 1341 1780 8
1357 1751 1594 1804 exspiravit.

681 1829 1062 1862 INTERPRETATIO.

188 1881 206 1903 ²
232 1881 269 1914 Se
279 1884 351 1913 mon*
361 1882 446 1913 mallit
460 1881 555 1924 officiis
570 1881 604 1912 ab
618 1883 678 1923 ipso
692 1883 756 1914 bene
767 1885 853 1914 meri·
934 1884 952 1909 b
970 1884 1071 1914 Petere
1088 1889 1141 1921 pro
1161 1895 1190 1914 se
1210 1889 1242 1913 ut
1260 1884 1432 1925 sepulturam
1447 1888 1593 1916 concedat.-

148 1931 218 1963 wm,
231 1919 293 1957 cui-
305 1928 433 1957 maxima
446 1927 482 1957 ab
495 1928 556 1968 ipso
569 1937 598 1956 a.
591 1927 714 1968 ceperit.
894 1925 979 1966 quod
994 1925 1065 1958 cum
1069 1928 1181 1968 justum
1196 1926 1246 1965 sit,
1258 1940 1310 1958 non
1319 1939 1415 1969 grave
1430 1929 1597 1962 Alexandra

884 1971 965 2011 sore.

792 2043 957 2075 NOTAE.

148 2094 290 2130 finnavit
301 2094 447 2127 omnibus
457 2095 523 2128 fere
538 2095 715 2145 provinciis,
730 2106 800 2138 quae
815 2096 854 2128 ab
889 2096 963 2138 suga
980 2107 1010 2128 se
1025 2096 1108 2128 hosti
1122 2095 1266 2138 eriperet.
1299 2096 1450 2145 Cumque
1459 2096 1509 2128 ille
1525 2107 1596 2138 par·

151 2139 312 2189 Euphrate
341 2138 381 2169 ad
406 2139 501 2170 Oxim
525 2139 693 2182 pertinent,
720 2139 854 2171 Parthia:
888 2140 1187 2171 ricidassecuturum
1198 2150 1229 2170 se
1243 2148 1383 2181 negaret,
1393 2140 1478 2170 ὼὶίε
1491 2139 1597 2171 multis

152 2192 267 2213 nomen
282 2192 301 2214 a
324 2181 446 2213 Parthis
468 2181 511 2213 ibi
532 2180 757 2224 imperantibus
776 2181 856 2212 indi·
891 2181 1046 2213 confossus
1067 2190 1112 2213 est
1128 2181 1246 2213 vulner
1250 2182 1318 2220 bus,
1339 2183 1410 2223 equi
1434 2182 1598 2219 vulnerati,

9 1213 24 1222 ι

152 2231 223 2257 tum
238 2231 293 2255 est.
890 2225 1016 2266 duoque
1038 2225 1130 2261 servi,
1153 2224 1207 2267 qui
1228 2235 1337 2266 regem
1354 2225 1597 2266 comitabantur,

198 2271 224 2298 1.
236 2267 295 2310 Qui
304 2269 463 2298 succesmri.
466 2266 480 2309 ]
491 2265 662 2309 Aliquanto
671 2267 752 2309 post,
762 2269 857 2298 Arsa·
891 2267 1059 2299 interfecti.

152 2319 204 2341 ces
217 2320 255 2341 ex
270 2308 398 2342 Parthia
415 2309 564 2340 oriundus
579 2310 770 2341 Parthorum
786 2320 857 2352 reg·
932 2314 962 2342 5.
977 2312 1124 2352 Applicito
1134 2309 1275 2352 captiva]
1299 2312 1404 2342 Locus
1412 2310 1576 2342 mendosus
1587 2321 1602 2349 ς

151 2362 230 2385 num
245 2352 388 2384 instituit.
427 2353 478 2384 De
494 2352 541 2383 his
556 2351 682 2383 inferius
694 2363 830 2395 agemus.
891 2352 1058 2395 legendum
1074 2360 1120 2384 est
1136 2353 1230 2392 enim,
1245 2355 1378 2395 applicito
1392 2357 1490 2395 capite.

196 2399 228 2427 2.
245 2396 338 2426 Citato
351 2395 458 2437 cunm]
479 2393 563 2426 Mira
578 2394 734 2427 celeritate
751 2397 859 2426 Perse·
919 2400 963 2427 σ6.
977 2395 1211 2437 Inte-[lecturum]
1234 2396 1296 2437 Qui
1314 2396 1506 2437 Polystratus
1522 2397 1598 2427 Per-

152 2436 220 2480 poli
232 2437 319 2468 venit
335 2436 508 2468 Ecbatana.
533 2445 601 2468 tum
616 2445 720 2478 portas
735 2437 860 2486 Caspias
891 2438 988 2469 sicum
1003 2438 1118 2469 idioma
1133 2437 1274 2469 callebat.

154 2489 372 2529 transgressus,
391 2479 567 2522 fugientem
588 2479 746 2511 Darium
737 2490 769 2511 m
785 2482 857 2512 Par·
934 2484 967 2512 7.
984 2482 1021 2512 D
1032 2480 1167 2523 aeteram]
1210 2482 1282 2512 Hoc
1304 2481 1380 2512 fidei
1399 2480 1513 2524 pignus
1534 2490 1601 2512 cer-

155 2522 255 2555 thiatn
269 2529 390 2554 secutus
403 2531 458 2553 est.
895 2522 1045 2554 tissimum
1062 2524 1143 2565 apud
1157 2527 1265 2555 Persas
1277 2523 1346 2555 fuit.

197 2569 229 2597 3.
245 2566 325 2598 Unus
339 2577 374 2597 ex
392 2564 553 2608 militibus]
578 2564 772 2607 Polystratus
786 2566 859 2597 Ma·
937 2569 966 2596 8
981 2567 1077 2608 Exsps
1073 2566 1185 2609 ravit]
1208 2566 1295 2597 Darii
1304 2574 1405 2597 morte
1418 2577 1435 2597 a
1449 2568 1490 2598 P<-
1488 2566 1549 2596 rsis
1563 2565 1603 2596 ad

156 2607 244 2640 cedo.
897 2608 1090 2639 Macedones
1104 2609 1286 2640 translatum
1297 2618 1344 2639 est
1354 2609 1491 2639 Orientis
1502 2610 1603 2649 lmpe-

197 2654 230 2682 4.
256 2650 427 2682 Vulneribus
451 2652 616 2692 confossum.
620 2649 635 2693 ]
677 2650 864 2682 Imminente
896 2651 989 2688 rium,
999 2651 1084 2693 quod
1093 2650 1131 2682 ab
1147 2662 1228 2682 anno
1240 2655 1335 2690 3493,
1346 2662 1406 2692 quo
1418 2651 1519 2692 Cyrus
1529 2652 1605 2683 vicit

157 2692 355 2742 Alexandro,
373 2693 482 2724 Bessus
495 2701 527 2724 et
550 2693 751 2725 Nabarzanes
771 2693 863 2724 Dari·
900 2696 1086 2736 Astyagem,
1101 2693 1141 2725 ad
1151 2703 1267 2725 annum
1283 2698 1366 2725 :3724
1381 2704 1442 2734 quo
1459 2696 1570 2724 Darius
1584 2694 1604 2726 εἰ

157 2746 225 2771 um,
238 2745 332 2776 quem
347 2735 378 2765 in
391 2735 536 2766 vehiculo
547 2735 648 2766 aureis
659 2735 774 2766 catenis
787 2735 864 2777 liga
901 2737 993 2768 Besso
1003 2737 1118 2767 occisus
1126 2744 1171 2768 est
1176 2747 1247 2780 ‚per
1261 2746 1355 2769 annos
1364 2739 1419 2768 231
1434 2735 1490 2767 sub
1507 2740 1546 2768 18
1555 2747 1605 2768 re·

141 2786 279 2816 nerant,
299 2777 415 2810 hortati
437 2785 520 2820 sunt,
542 2786 577 2812 ut
600 2788 680 2822 equo
702 2788 866 2811 conscenso
901 2778 991 2822 gibus
1003 2778 1123 2812 floruit.

1707 168 1811 218 109·
