1903 3076
91 188 116 224 s
525 229 531 240 „
912 170 1146 224 JUSTINJ

93 260 289 292 A.M.3235.
302 258 488 301 extructa
508 262 520 280 ¹
539 257 786 312 incensaque
807 257 927 312 pyra,
958 267 997 299 et
1017 273 1060 298 se
1079 267 1121 300 et
1139 258 1301 300 divitias
1324 274 1415 300 suas
1447 259 1487 300 in
1509 257 1745 304 incendium

94 304 292 336 Ant.C.817.
304 317 450 359 mittit:
481 319 558 358 hoc
592 318 679 357 solo
699 315 881 356 imitatus
908 315 1060 357 virum.
1139 318 1234 358 Post
1263 318 1371 357 hunc
1402 318 1747 361 rex-constituitur

304 376 538 416 interfector
558 374 645 427 ejus
667 375 867 425 Arbaces,
888 374 960 429 qui
981 374 1196 428 praefectus
1227 379 1242 397 ²
1255 375 1478 416 Medorum
1499 377 1646 418 fuerat.
1704 377 1749 419 Is

307 426 535 486 Imperium
556 433 607 471 ab
628 431 814 487 Assyriis
833 437 848 461 ³
861 434 910 472 ad
933 433 1082 473 Medos
1101 433 1302 474 transfert.

96 481 257 552 M³d⁰'¹¹2f¹.
365 490 497 532 CAP.
515 488 601 530 IV.
622 495 637 517 ⁴
654 490 748 531 Post
766 490 918 531 multos
932 489 1077 531 deinde
1092 505 1222 546 reges,
1243 506 1313 544 per
1329 493 1511 532 ordinem
1529 492 1753 543 successio·

95 526 298 606 igonjlrsctyla}
309 547 387 600 nis,
407 562 581 602 regnum
602 548 652 587 ad
672 550 887 603 Astyagen
906 547 1125 589 descendit.
1171 548 1254 589 Hic
1274 563 1347 603 per
1367 565 1555 590 somnum
1574 550 1680 592 vidit
1698 566 1752 592 ex

100 611 174 651 Cyro
188 620 252 638 avo.
308 605 564 646 naturalibus
582 604 692 655 filiae,
722 620 847 660 quam
875 605 1039 647 unicam
1072 607 1261 659 habebat,
1281 608 1409 648 vitem
1429 618 1601 659 enatam,
1631 609 1751 662 cujus

308 663 476 718 palmite
497 663 629 704 omnis
651 663 757 704 Asia
777 664 1103 705 obumbraretur.
1144 665 1332 706 Consulti
1353 665 1516 715 harioli,
1537 679 1590 706 ex
1608 666 1754 707 eadem

308 722 397 762 filia
412 729 603 775 nepotem
623 720 661 761 ei
679 722 878 772 futurum,
898 722 1013 776 cujus
1035 722 1272 776 magnitudo
1289 724 1596 776 praenuntietur,
1614 724 1754 779 regni,

310 795 388 836 que
403 779 442 819 ei
454 778 717 820 amissionem
729 780 931 833 portendi,
940 780 1247 834 responderunt.
1277 783 1370 822 Hoc
1380 796 1571 835 responso
1582 781 1754 823 exterri-

310 846 391 887 tus,
411 852 542 891 neque
564 838 672 878 claro
691 838 797 888 viro,
818 852 948 893 neque
970 838 1050 879 civi
1059 838 1212 889 filiam,
1231 854 1280 879 ne
1303 848 1469 893 paterna
1489 838 1752 897 maternaque

309 894 501 936 nobilitas
524 895 663 948 nepoti
681 895 836 936 animos
854 897 1067 937 extolleret
1085 913 1097 944 3
1131 898 1202 937 sed
1221 912 1273 937 ex
1302 906 1437 952 gente,
1467 897 1638 938 obscura
1658 906 1754 938 tunc

310 951 519 1006 temporis,
544 953 773 1004 Persarum,
806 953 1006 1009 Cambysi
1035 953 1233 996 mediocri
1252 954 1341 996 viro
1371 955 1416 995 in
1445 955 1754 997 matrimonium

311 1009 491 1051 tradidit.
522 1011 589 1050 Ac
606 1026 655 1051 ne
672 1011 730 1051 sic
746 1010 912 1065 quidem
928 1011 1075 1053 somnii
1090 1021 1203 1053 metu
1217 1013 1414 1066 deposito,
1425 1013 1634 1068 gravidem
1650 1015 1702 1056 ad
1712 1027 1755 1054 se

310 1067 441 1108 filiam
465 1067 643 1117 arcessit,
669 1078 714 1109 ut
735 1070 810 1109 sub
832 1069 900 1110 avi
921 1069 1182 1123 potissimum
1199 1070 1332 1112 oculis
1360 1081 1499 1125 partus
1528 1081 1755 1112 necaretur.

101 1118 300 1198 ἑίὒὲἕξὸ·
312 1126 448 1168 Natus
463 1125 597 1166 infans
610 1129 743 1167 ⁵datur
765 1127 1009 1169 occidendus
1030 1129 1241 1184 Harpago,
1261 1129 1370 1183 regis
1385 1128 1516 1169 amico
1533 1138 1573 1170 et
1588 1144 1757 1170 arcano-

102 1209 221 1242 Urb.C.
231 1212 299 1240 158.
310 1199 403 1224 rum
416 1183 620 1237 participi.
652 1185 694 1225 Is
706 1185 876 1237 veritus,
891 1185 924 1226 si
942 1189 992 1227 ad
1005 1185 1134 1226 filiam
1146 1195 1308 1227 mortuo
1323 1201 1416 1242 rege
1425 1187 1604 1229 venisset
1615 1187 1756 1240 Impe-
1787 1196 1794 1202 '

101 1254 296 1285 Ant.c.594-.
309 1242 431 1292 rium,
448 1241 546 1296 quia
561 1243 722 1283 nullum
739 1245 946 1299 Astyages
959 1243 1092 1284 virilis
1106 1259 1227 1285 sexus
1242 1254 1452 1299 genuerat,
1471 1260 1521 1285 ne
1534 1246 1606 1286 illa
1623 1244 1756 1286 necati

309 1299 477 1341 infantis
497 1299 710 1350 ultionem,
730 1316 854 1357 quam
874 1302 897 1341 ὲ
916 1310 1028 1355 patre
1049 1317 1127 1343 non
1143 1302 1352 1356 potuisset,
1373 1302 1593 1344 aministro
1614 1303 1756 1358 exige-

309 1367 390 1406 ret3
420 1357 600 1410 ⁶pastori
621 1357 724 1414 regii
744 1358 900 1412 pecoris
929 1371 1104 1413 puerum
1128 1363 1413 1414 exponendum
1442 1360 1575 1409 tradit.
1634 1361 1760 1402 Forte

310 1417 455 1456 eodem
468 1424 648 1468 tempore
662 1425 701 1456 et
713 1415 793 1469 ipsi
809 1417 958 1470 pastori
973 1417 1081 1458 filius
1095 1428 1211 1459 natus
1227 1428 1324 1459 erat.
1362 1419 1465 1472 Ejus
1487 1418 1614 1474 igitur
1634 1434 1757 1470 uxor,

310 1473 448 1514 audita
469 1472 571 1528 regii
602 1472 769 1515 infantis
788 1474 1056 1529 expositione,
1090 1475 1262 1517 summis
1287 1477 1476 1529 precibus
1510 1487 1640 1532 rogat,
1671 1477 1756 1518 sibi

309 1531 445 1572 afferri
464 1530 699 1586 ostendique
711 1546 909 1585 puerum.
943 1533 1073 1587 Cujus
1097 1535 1289 1587 precibus
1309 1535 1501 1590 fatigatus
1520 1545 1669 1588 pastor,
1689 1549 1756 1575 re..

308 1604 450 1631 versus
470 1588 513 1629 in
531 1590 706 1644 sylvam,
727 1589 887 1631 invenit
903 1591 1024 1644 juxta
1040 1591 1242 1632 infantem
1257 1607 1397 1633 canem
1417 1593 1646 1644 foemina'm,
1661 1607 1756 1645 par.-

308 1648 408 1689 vulo
422 1649 548 1687 ubera
563 1649 827 1701 praebentem,
843 1657 882 1689 et
898 1649 921 1689 a
934 1649 1030 1691 feris
1045 1649 1295 1704 alitibusque
1312 1652 1609 1692 defendentem.
1661 1651 1758 1692 Mo·

309 1714 377 1747 tus
399 1713 440 1745 et
460 1704 550 1758 ipse
570 1705 867 1758 misericordia,
886 1707 966 1762 qua
987 1716 1140 1748 motam
1160 1708 1284 1748 etiam
1304 1724 1446 1761 canem
1467 1708 1638 1759 viderat,
1658 1722 1758 1762 pue-

310 1778 405 1804 rum
425 1763 553 1803 defert
573 1765 623 1803 ad
643 1764 816 1815 stabula,
845 1765 989 1806 eadem
1009 1779 1107 1806 cane
1127 1765 1250 1806 anxio
1277 1776 1561 1821 prosequente.
1619 1767 1757 1821 ‚Quem

309 1820 384 1861 ubi
404 1819 448 1860 in
468 1835 636 1861 manum
656 1821 804 1863 mulier
823 1821 993 1876 accepit,
1014 1823 1143 1864 veluti
1165 1826 1216 1864 ad
1235 1836 1372 1864 notam
1403 1825 1552 1880 [puer]
1583 1824 1751 1866 allusit:

309 1886 523 1933 tantusque
538 1878 579 1918 in
591 1877 808 1934 illovigor,
820 1889 859 1921 et
870 1881 1003 1922 dulcis
1017 1879 1184 1938 quidam
1199 1882 1448 1923 blandientis
1466 1881 1631 1922 infantis
1650 1881 1755 1923 risus

309 1935 512 1990 apparuit,
531 1945 577 1977 ut
595 1944 801 1990 pastorem
821 1953 926 1980 uxor
946 1939 1054 1979 ultro
1073 1947 1248 1994 rogaret,
1279 1941 1317 1997 [a
1331 1941 1413 1995 quo
1443 1955 1563 1981 suum
1594 1948 1756 1993 partum

845 2023 1228 2055 INTERPRETATIO.

351 2069 369 2092 ²
395 2073 436 2103 Ut
451 2074 640 2114 permitteret,
660 2081 687 2106 et
695 2075 796 2118 filium
817 2091 896 2109 suum
913 2086 970 2121 pro
987 2091 1015 2109 eo
1029 2077 1036 2096 ¹
1050 2084 1145 2109 tunam
1159 2079 1325 2119 adfuturam
1339 2078 1479 2120 sperabat.
1523 2078 1580 2110 Sed
1590 2080 1641 2110 hoc
1650 2089 1756 2119 parm

307 2121 454 2157 exponere,
468 2122 495 2146 et
508 2116 581 2147 hunc
594 2119 733 2159 irfimtem
747 2121 871 2160 educare,
892 2123 1013 2163 cuifor·
1048 2122 1211 2153 verisimile.
1705 2131 1713 2134 “

953 2185 1123 2217 NOTAE.

354 2236 383 2280 l.
405 2232 573 2276 Incensc'z'que
591 2236 694 2279 pyrni]
724 2239 770 2268 Ita
795 2237 860 2269 fere
885 2250 993 2270 omnes
1006 2252 1013 2270 ι
1093 2244 1123 2270 4.
1137 2240 1209 2270 Post
1223 2241 1320 2270 multos
1331 2240 1422 2270 deinde
1434 2240 1533 2282 regen]
1548 2240 1612 2271 Alii
1622 2247 1756 2282 septem,

310 2274 487 2306 Clitarchus
497 2284 601 2308 tamen
611 2280 695 2320 apud
706 2281 898 2313 Athenaeum
910 2282 1017 2319 refert,
1051 2281 1102 2313 alii
1116 2292 1230 2313 novem
1241 2291 1416 2319 numerant,
1429 2283 1482 2313 sed
1493 2282 1600 2313 omnes
1609 2283 1674 2316 fer&
1685 2284 1758 2316 nul-

308 2316 383 2348 cum
397 2327 495 2359 regno
510 2320 675 2361 spoliatum
699 2324 730 2353 in
745 2324 830 2354 senio
845 2324 1016 2357 decessisse.
1051 2324 1110 2355 lius
1124 2324 1267 2361 nominis,
1289 2333 1405 2366 praeter
1426 2335 1524 2356 unum
1545 2326 1710 2368 Arphaxat
1735 2326 1756 2358 ἰ

353 2363 384 2390 2.
402 2361 582 2401 Medorum-'1
605 2365 716 2402 Persis,
729 2366 863 2402 Parthis,
876 2374 907 2398 et
918 2370 1015 2409 Assy·
1052 2366 1228 2398 Merodaco
1241 2375 1429 2409 superatum.

307 2400 363 2450 riis
376 2401 513 2442 finitimi,
527 2405 695 2437 secundum
705 2417 791 2439 mare
803 2409 952 2451 Caspium
960 2409 1014 2440 ha·
1092 2412 1122 2441 5.
1147 2411 1247 2440 Datur
1267 2410 1445 2452 occidendus]
1498 2410 1617 2441 Eadem
1638 2410 1754 2443 habent

308 2443 420 2475 b1tant.
463 2447 585 2478 Simon.
1051 2451 1232 2482 Herodotus
1246 2459 1277 2483 et
1288 2453 1380 2483 Diod.
1395 2460 1426 2483 et
1439 2451 1488 2482 alii
1501 2463 1626 2491 omnes3
1642 2464 1754 2495 excep-

353 2491 382 2518 3.
410 2488 464 2518 Ad
476 2490 582 2519 Medos
595 2493 763 2534 transfert]
800 2494 845 2524 Ita
860 2501 964 2525 tamen
980 2501 1014 2526 ut
1050 2501 1083 2525 to
1098 2504 1160 2525 uno
1177 2494 1401 2535 Xenophonte,
1422 2495 1475 2536 qui
1489 2495 1610 2526 diversa
1631 2496 1756 2538 penitus

309 2529 493 2561 concesserit
508 2530 616 2565 Beleso
632 2533 851 2575 Babyloniam3
868 2544 900 2567 et
915 2537 1014 2568 Nine-
1049 2545 1219 2572 memorat:
1232 2537 1285 2568 sed
1300 2537 1372 2568 cum
1388 2538 1622 2578 Cyropa'idiam,
1637 2549 1698 2569 non
1714 2538 1754 2571 ad

308 2580 370 2601 ven
386 2571 479 2603 Phuli
494 2575 632 2615 Assyrio,
645 2578 699 2617 qui
715 2577 933 2618 conjurationis
946 2579 1015 2609 sue·
1048 2578 1184 2610 historiae
1200 2579 1308 2616 fidem,
1329 2580 1380 2610 sed
1395 2581 1434 2610 ad
1449 2578 1584 2621 effigiem
1599 2580 1672 2622 justi
1692 2582 1754 2612 im-

308 2620 358 2643 rat
379 2614 542 2656 particeps.
579 2616 633 2647 111e
655 2626 724 2659 post
746 2619 846 2650 Belesi
866 2629 1015 2658 mortem,
1049 2621 1127 2661 perii
1154 2622 1210 2652 scri
1235 2622 1321 2659 serit,
1347 2622 1413 2652 aliis
1433 2623 1547 2665 potius,
1567 2623 1662 2664 quam
1683 2624 1756 2666 ipsi,

307 2655 458 2696 occupati
475 2657 646 2699 Babylonia
661 2662 863 2701 Assyriorum
887 2663 1013 2704 imperi·
1048 2661 1125 2693 fides
1138 2633 1322 2695 adhibenda.

308 2705 363 2727 um
389 2701 584 2748 restaurayit.
629 2703 679 2733 De
700 2702 782 2734 illius
802 2706 931 2746 posteris
950 2704 1012 2737 fre-
1082 2709 1112 2738 6.
1126 2706 1271 2750 Pastori]
1288 2706 1467 2740 Cuinomen
1476 2707 1755 2743 fuitMithridates.

307 2748 405 2781 quens
419 2750 451 2772 in
465 2751 556 2774 sacris
570 2743 667 2777 literis
680 2746 809 2779 mentio.
