1903 3076
593 195 703 236 LIB.
736 193 858 236 XLI.
905 195 1040 241 CAP.
1073 197 1136 240 V.
1720 211 1797 246 303

143 284 155 302 ¹
170 277 337 319 incertae
358 275 546 332 originis,
564 276 623 317 ita
644 277 809 318 virtutis
829 287 1021 332 expertae.
1083 281 1097 300 ²
1112 278 1196 319 Hic
1217 279 1358 320 solitus
1376 278 1590 321 latrocinia

141 345 181 377 et
199 345 316 390 rapto
335 335 490 386 vivere,
521 335 683 388 accepta
715 335 925 389 opinione,
954 336 1171 377 Seleucum
1195 341 1208 358 ²
1223 353 1245 377 a
1266 336 1404 379 Gallis
1425 338 1468 378 in
1489 338 1594 378 Asia

142 395 315 444 victum,
327 395 482 435 solutus
494 392 602 448 regis
613 402 742 443 metu,
754 408 850 434 cum
863 396 1100 448 praedonum
1114 409 1239 435 manu
1251 395 1445 437 Parthos
1436 411 1594 451 ingres-

141 467 227 503 sus,
246 451 486 517 praefecturn
505 465 648 491 eorum
670 453 980 508 ³Andragoram
1006 452 1234 506 opplessit·
1225 484 1237 501 ‚
1269 455 1511 509 sublatoque
1530 458 1646 506 eo,A
1650 459 1700 490 M
1710 461 1803 491 8809-

143 508 366 564 imperium
378 508 510 564 gentis
527 508 691 551 invasit.
721 508 822 550 Non
838 525 987 564 magno
999 511 1144 552 deinde
1160 520 1255 564 post
1268 519 1347 551 tem
1353 527 1425 564 poi
1429 528 1464 561 e,
1481 513 1594 567 Hyr·
1606 501 1724 578 glrbz'
1725 505 1803 575 ⁰10}

143 581 339 609 canorum
349 581 519 623 quoque
534 581 708 622 regnum
723 568 962 621 occupavit:
984 578 1105 624 atque
1120 569 1177 610 ita
1196 570 1370 609 duarum
1383 570 1592 611 civitatum
1606 586 1803 640 Ante-..123-

142 623 320 679 imperio
342 625 549 679 praeditus,
577 626 773 680 grandem
803 625 1028 667 exercitum
1063 635 1193 680 parat,
1225 637 1335 667 metu
1368 628 1527 669 Stleuci
1557 638 1596 670 et

143 688 159 710 ⁴
176 683 382 724 Theodoti
406 683 716 725 Bactrianorum
736 683 860 739 regis.
892 685 971 725 Sed
990 684 1090 736 cito,
1109 692 1242 726 morte
1264 685 1486 736 Theodoti,
1508 701 1596 726 me-

144 747 190 783 tu
209 740 435 791 liberatus;
468 756 562 783 cum
588 741 672 782 filio
691 740 779 794 ejus
809 749 851 783 et
879 741 972 797 ipso
997 743 1209 784 Theodoto
1231 743 1363 784 foedus
1385 758 1429 784 ac
1452 758 1597 797 pacem

135 798 271 842 fecit:
305 814 378 840 nec
395 800 530 852 ,multo
551 800 658 853 post,
677 813 775 840 cum
796 800 968 842 Seleuco
986 816 1097 856 rege,
1126 803 1174 842 ad
1206 802 1429 842 defectores
1459 816 1597 854 perse-

144 859 330 914 quendos
350 857 551 910 veniente,
582 864 596 888 ⁵
609 871 861 914 congressus,
891 858 1021 900 victor
1039 858 1142 900 fuit:
1175 875 1302 914 quem
1327 859 1438 901 diem
1455 860 1595 902 Parthi

144 914 293 957 exinde
315 917 536 965 solennem,
552 917 667 957 velut
685 914 852 957 initium
872 916 1088 968 libertatis,
1106 917 1336 958 observant.

205 973 337 1015 CAP.
357 974 416 1015 V.
447 974 658 1015 Revocato
673 972 819 1016 deinde
840 975 1011 1016 Seleuco
1033 974 1154 1016 novis
1169 975 1353 1017 motibus
1373 975 1415 1016 in
1435 975 1598 1030 Asiam,
1610 995 1803 1028 Arsacisvita

144 1032 260 1073 '’dato
280 1033 528 1081 laxamento,
548 1047 721 1088 regnum
742 1032 979 1074 Parthicum
999 1033 1164 1085 format,
1183 1033 1362 1075 militem
1377 1035 1494 1089 legit,
1512 1050 1598 1076 cas-
1609 1046 1635 1071 et
1649 1050 1735 1070 mon.

146 1091 243 1130 tella
262 1091 410 1141 munit,
439 1090 623 1131 civitates
655 1090 811 1131 firmat:
848 1093 995 1132 urbem
1015 1106 1180 1147 quoque
1210 1093 1404 1133 ⁶n0mine
1426 1093 1601 1144 Daram,

148 1148 191 1188 in
213 1159 348 1189 monte
365 1151 660 1203 Apovartenon
678 1148 832 1190 condit:
865 1149 984 1204 cujus
1004 1149 1085 1190 loci
1107 1164 1154 1190 ea
1173 1149 1351 1192 conditio
1370 1159 1444 1202 est,
1463 1160 1510 1192 ut
1528 1167 1601 1192 ne-

147 1221 228 1261 que
240 1205 440 1247 munitius
454 1207 675 1262 quicquam
688 1221 793 1258 esse,
810 1222 941 1262 neque
953 1207 1153 1248 amoenius
1168 1208 1309 1262 possit.
1355 1208 1420 1250 Ita
1434 1208 1544 1250 enim
1557 1218 1600 1250 et

149 1263 369 1317 praeruptis
384 1264 554 1318 rupibus
570 1264 748 1319 undique
765 1264 958 1320 cingitur,
973 1274 1018 1306 ut
1031 1266 1158 1306 tutela
1175 1262 1258 1307 loci
1274 1267 1399 1308 nullis
1415 1267 1602 1308 defenso-

146 1322 261 1363 ribus
281 1330 423 1377 egeat:
458 1332 497 1363 et
517 1321 593 1363 soli
615 1322 939 1377 circumjacentis
959 1332 1070 1365 tanta
1090 1325 1252 1365 ubertas
1268 1333 1356 1390 est,
1363 1334 1408 1366 ut
1427 1324 1604 1379 propriis

149 1379 300 1434 opibus
321 1380 549 1433 expleatur.
592 1381 612 1421 J
617 1395 682 1421 am
704 1381 883 1422 fontium
903 1396 948 1422 ac
969 1381 1182 1438 sylvarum
1200 1397 1248 1423 ea
1267 1382 1386 1436 copia
1403 1391 1476 1434 est,
1497 1393 1541 1424 ut
1561 1392 1601 1424 et

149 1452 347 1494 aquarum
364 1437 633 1479 abundantia
622 1438 826 1495 1rrigetur,
846 1447 887 1480 et
906 1439 1172 1481 venationum
1184 1457 1211 1481 v
1213 1440 1462 1494 oluptatibus
1483 1456 1602 1482 exor-

148 1504 280 1538 netur.
299 1495 366 1536 Sic
380 1498 568 1548 Arsaces,
576 1496 749 1552 quaesito
761 1497 884 1538 simul
897 1497 1204 1553 constitutoque
1216 1513 1356 1554 regne,
1369 1514 1450 1540 non
1464 1499 1604 1540 miuus

150 1553 431 1595 memorabilis
446 1555 618 1605 Parthis,
639 1570 762 1609 quam
779 1555 911 1597 Persis
929 1555 1083 1612 Cyrus,
1103 1556 1402 1598 Macedonibus
1417 1558 1603 1598 Alexan-

150 1614 237 1664 der,
258 1612 457 1653 Romanis
480 1612 700 1663 Romulus,
733 1614 892 1654 matura
913 1623 1116 1655 senectute
1135 1614 1311 1655 decedit.
1361 1615 1494 1669 Cujus
1515 1630 1605 1656 me-

152 1669 292 1710 moriae
314 1672 422 1710 hunc
443 1673 640 1711 honorem
661 1671 800 1712 Parthi
824 1671 1066 1724 tribuerunt,
1092 1680 1138 1713 ut
1158 1687 1298 1714 ornnes
1319 1673 1464 1714 exinde
1487 1689 1603 1729 reges

152 1742 245 1768 suos
261 1728 426 1769 Arsam
441 1728 607 1769 nomine
619 1738 872 1783 nuncupent.
921 1731 1057 1784 Hujus
1069 1729 1175 1772 filius
1190 1739 1231 1771 et
1249 1746 1454 1772 successor
1473 1731 1605 1787 regni,

154 1788 334 1826 Arsaces
371 1798 409 1827 et
444 1786 531 1840 ipse
564 1791 578 1813 ⁷
593 1788 772 1837 nomine,
807 1792 823 1815 ⁸
840 1790 916 1828 adv
920 1803 1032 1829 ersus
1068 1788 1325 1829 Antiochum
1362 1789 1524 1830 Seleuci
1556 1790 1604 1829 fi—

152 1843 274 1895 lium,
294 1853 459 1885 centum
475 1844 662 1886 millibus
682 1846 882 1899 peditum,
902 1855 940 1886 et
954 1845 1103 1901 viginti
1125 1845 1310 1887 millibus
1333 1846 1521 1903 equitum
1541 1847 1603 1889 in-

694 1936 773 1967 lNT
779 1936 1077 1968 ERPRETATIO.

196 2001 212 2021 ³
229 2002 292 2032 Hic
305 2003 400 2033 solitus
416 2003 518 2033 vivere
526 2003 683 2034 latrociniis
698 2010 723 2033 et
739 2006 864 2045 rapinis,
899 2017 946 2034 sus
961 2011 1001 2034 est
1017 2003 1174 2034 Parthiam
1188 1998 1249 2034 cuni
1258 2003 1446 2045 predonibus.

155 2043 216 2074 crim
242 2045 380 2075 audfisset
403 2047 543 2075 Seleucum
567 2048 672 2076 victum
698 2049 726 2076 in
747 2045 822 2076 Asi&
844 2059 862 2076 a
944 2047 962 2072 b
986 2045 1076 2076 Facu?
1091 2056 1147 2088 per
1168 2045 1297 2088 aliquod
1311 2054 1435 2088 tempus
1449 2046 1467 2078 a*
1481 2047 1548 2078 ballo
1562 2049 1606 2078 in·

157 2088 364 2130 Gallissuisse,
371 2091 437 2130 jum
447 2090 551 2130 Regem
565 2100 616 2119 non
631 2092 742 2127 timens,
755 2092 863 2132 ingres·
901 2091 1083 2126 remissione,
1094 2091 1238 2121 constituit
1249 2090 1376 2132 Regnum
1392 2090 1579 2121 Parthorum.

803 2175 973 2206 NOTAE.

204 2247 230 2276 1.
242 2246 359 2275 Incereae
368 2246 495 2287 originis.
488 2244 512 2287 .]
528 2244 624 2276 Hunc
635 2245 783 2288 Scytham
793 2245 866 2277 facit
898 2244 974 2276 dum
992 2245 1128 2277 victores
1143 2245 1226 2289 fugit
1243 2247 1422 2286 Callinicus,
1435 2259 1516 2291 equo
1527 2258 1607 2291 prae-

159 2287 282 2323 Strabo,
309 2290 433 2318 Persam
450 2287 511 2323 alii.
530 2288 663 2329 cumque
678 2288 760 2319 vel
746 2299 762 2319 a
780 2289 866 2330 Cyro
899 2288 1043 2330 cipitatus
1056 2289 1157 2330 periit.

159 2330 208 2360 vel
223 2331 260 2361 ab
272 2334 446 2361 Artaxerxe
455 2330 576 2361 duxisse
586 2331 739 2371 originem
749 2331 867 2362 volunt.
942 2335 972 2362 6.
988 2333 1113 2362 Nomine
1128 2334 1255 2364 Duram.
1258 2332 1271 2375 ]
1304 2334 1356 2364 Ad
1373 2333 1459 2376 pylas
1474 2334 1610 2374 Caspias

201 2377 231 2403 2.
253 2375 284 2404 A
302 2376 328 2401 (ι
324 2373 426 2415 ullis]
470 2374 549 2404 Acri
571 2373 654 2404 enim
679 2384 750 2404 cum
768 2373 867 2405 Gallis
900 2372 938 2404 ab
955 2373 1022 2404 aliis
1037 2377 1140 2411 Asca3
1162 2374 1200 2405 ab
1226 2375 1292 2406 aliis
1314 2378 1456 2415 Arsacia,
1479 2376 1528 2406 vel
1544 2378 1608 2406 Lu-

159 2415 269 2456 praelio
291 2416 468 2452 commisso,
489 2415 634 2447 Seleucus
655 2425 686 2447 et
702 2416 866 2448 victoriam
900 2426 1007 2458 ropus,
1021 2416 1070 2446 vel
1086 2419 1245 2458 Agragas,
1260 2418 1311 2449 vel
1325 2421 1414 2450 Dura
1431 2419 1552 2449 dicitur.

159 2464 192 2488 et
207 2458 334 2488 victoris
348 2468 462 2488 nomen
479 2458 596 2489 retulit.
945 2463 975 2491 7
998 2460 1130 2491 Nomine.
1136 2459 1147 2501 ]
1191 2462 1237 2491 Ut
1252 2463 1341 2504 AEgy
1344 2462 1483 2503 priorum
1507 2462 1612 2508 Reges

203 2504 235 2530 3.
259 2502 307 2531 An
310 2503 424 2542 [rogor
426 2500 486 2542 mn]
531 2501 616 2531 Idem
632 2509 677 2532 est
693 2512 765 2532 cum
781 2503 869 2544 Aga·
905 2500 1078 2537 Ptolemaei,
1094 2502 1336 2535 Atheniensium
1352 2503 1546 2546 Cecropidae,
1568 2504 1611 2533 ita

163 2542 269 2574 thocte
284 2543 413 2585 Georgii
432 2543 595 2574 Monachi.
906 2544 1094 2576 Parthorum
1110 2545 1273 2577 Arsacidae
1288 2547 1458 2588 nuncupati
1474 2553 1553 2576 suut.

204 2588 234 2614 4
259 2585 388 2616 Theodoti
414 2588 635 2617 Bactrianorum
652 2587 745 2626 Rrgh.
758 2588 763 2626 Ι
806 2586 868 2628 Qui
946 2591 977 2618 8.
999 2589 1149 2618 Adversus
1176 2590 1369 2628 Antiochum]
1418 2588 1613 2618 Antiochum

162 2625 273 2657 eadem
290 2635 380 2659 aetate
392 2628 560 2659 Bactrianis
575 2629 740 2669 praefectus
752 2640 868 2660 novum
908 2631 1065 2670 Magnum
1081 2629 1240 2671 intelligit,
1253 2631 1305 2672 qui
1326 2630 1433 2672 expui
1436 2641 1488 2661 um
1507 2630 1614 2660 Media'

163 2669 310 2709 Regnum
322 2670 457 2701 condidit
463 2671 559 2711 ,quod
570 2680 675 2702 tamen
687 2673 790 2712 paucis
801 2671 869 2720 post
907 2674 1042 2703 Arsacen
1059 2672 1097 2703 ad
1114 2673 1169 2714 Η)
1173 2673 1308 2704 rcaniam
1323 2684 1417 2714 usque
1438 2680 1616 2716 persecurus

164 2713 250 2741 annis
266 2712 295 2741 in
315 2713 503 2743 Parthorum
514 2713 662 2744 ditionem
678 2714 837 2744 concessit.
906 2723 962 2744 est.

199 2758 235 2786 5.
263 2755 427 2797 (magr-‘1111
431 2766 455 2796 ·}
511 2756 543 2786 lu
573 2767 610 2789 eo
642 2755 724 2788 forte
753 2755 891 2803 praelio,l
