1903 3076
618 168 731 218 LIB'.
754 173 814 216 11.
845 173 979 216 GAP.
1002 173 1089 215 VI.

142 258 324 301 foeminae
353 254 617 298 matrimonio
645 255 796 309 junxit.
857 254 969 296 Huic
991 253 1184 295 successit
1213 257 1226 275 ²
1243 254 1442 304 cranaus,
1470 254 1589 307 cujus

142 318 229 360 filia
247 315 388 358 Atthis
405 313 564 369 regioni
583 328 733 354 nomen
752 313 880 354 dedit.
926 314 1023 355 Post
1042 314 1148 352 hunc
1166 315 1183 333 ²
1196 312 1478 367 Amphictyon
1495 327 1587 366 reg-

144 375 273 425 navit,
292 373 365 428 qui
396 376 410 401 ³
427 371 583 425 primus
604 371 807 413 Minervae
825 373 970 412 urbem
1000 369 1184 419 sacravit,
1207 379 1246 410 et
1264 385 1412 410 nornen
1432 368 1586 409 civitati

142 434 330 476 Athenas
349 431 475 471 dedit.
516 430 656 484 Hujus
672 430 1181 484 temporibus‚⁴aquarum
1195 427 1370 468 Eluvics
1389 427 1586 481 majorem
1603 431 1803 488 A⁰·M;‘-'·?²³⁰

143 498 300 545 partem
332 489 580 543 populorum
609 487 787 530 Graeciae
818 487 1057 540 absumpsit.
1116 484 1457 539 ²Superfuerunt‚
1485 499 1588 539 quos
1605 476 1802 507 A¹²‘·“·¹³²'²

110 564 122 576 ·
143 546 334 603 srefugia
362 546 564 587 montium
593 546 847 599 receperunt,
876 555 942 586 aut
970 547 1022 586 ad
1050 559 1189 600 regem
1220 543 1443 584 Thessaliae
1474 543 1593 584 Deu-

144 605 346 647 calionem
366 604 526 646 ratibus
547 603 679 645 evecti
701 613 820 652 sunt;
839 604 863 643 ὲ
879 619 959 659 quo
973 602 1190 656 propterea
1208 607 1360 656 ⁶genus
1377 599 1592 641 hominum

146 663 358 705 conditum
387 662 552 704 dicitur.
611 661 728 704 ⁷Per„
749 662 933 703 ordinem
961 661 1106 704 deinde
1127 657 1390 700 successionis
1421 673 1593 713 regnum

145 726 163 752 ⁸
178 724 229 764 ad
245 722 523 763 Erechtheum
538 719 756 771 descendit,
771 722 847 762 sub
863 735 944 776 quo
957 718 1148 760 frumenti
1163 717 1263 759 satio
1275 721 1292 744 ⁹
1302 718 1409 769 apud
1421 715 1594 761 Eleusin

147 780 173 820 ὲ
195 784 230 803 ¹⁰
243 780 503 832 Triptolemo
522 788 682 831 reperta
710 787 788 829 est,
816 778 857 819 in
879 779 995 831 cujus
1025 777 1204 818 muneris
1235 777 1430 816 honorem
1452 779 1482 796 ¹¹
1497 788 1594 814 noc-

149 846 213 879 tes
246 837 457 878 initiorum
496 846 674 878 sacratae.
746 836 900 877 Tenuit
933 846 971 877 et
1001 841 1032 859 ¹²
1050 837 1226 890 AEgeus‚
1257 836 1290 861 ¹³
1303 831 1455 872 Thesei
1484 841 1597 884 pater

148 895 330 938 Athenis
371 909 559 950 regnum,
598 894 623 934 {t
654 908 740 950 quo
779 909 853 948 per
886 893 1111 936 divortium
1149 894 1345 933 decedens
1384 898 1415 920 ²⁴
1433 889 1600 949 Medea,

1749 180 1805 216 Ξῖ

683 1039 1068 1073 lNTERPRETATIO.

195 1125 212 1147 ³
229 1127 400 1169 Supersffles
414 1128 554 1169 fuirunt,
573 1127 623 1168 qui
645 1128 674 1158 in
688 1129 764 1169 juga
785 1139 862 1158 mon·
892 1126 1033 1157 venffruns
1060 1126 1101 1157 ad
1128 1125 1324 1156 Deucalionem
1354 1135 1446 1166 regem
1476 1122 1600 1155 Thessa·

152 1172 223 1202 tium
248 1170 409 1214 sugerunt,
442 1179 492 1203 aut
527 1174 602 1202 vecti
636 1171 757 1201 navibus
792 1177 862 1212 per·
892 1171 947 1201 liae.

799 1273 965 1306 NOTAE.

198 1367 228 1396 1.
244 1364 397 1405 Gratiana]
432 1365 505 1396 Non
525 1364 674 1407 Cecropis
695 1364 786 1401 filius,
809 1364 862 1396 sed

153 1407 314 1450 indigem,
327 1409 375 1439 vir
396 1408 511 1439 divitiis
531 1418 647 1450 potens.
699 1410 786 1439 Duas
807 1407 863 1438 ha-

157 1451 227 1482 buit
236 1449 331 1486 filim
345 1450 575 1487 Atthim‚unde
587 1451 695 1482 Attica
706 1451 788 1481 dicta
799 1445 863 1489 est}

155 1501 189 1524 et
205 1494 357 1530 Cranaen,
371 1504 439 1535 quae
457 1493 682 1534 Amphictyoni
695 1494 809 1535 nupsit.

201 1540 229 1566 2.
244 1535 456 1579 Amphictyon]
509 1536 645 1578 Expulso
666 1546 772 1568 socero
793 1547 863 1578 reg-

158 1588 235 1609 num
257 1579 389 1617 iuvasit3
412 1586 479 1609 erat
502 1577 584 1610 filius
606 1578 813 1616 Deucalionis,
832 1586 863 1609 et

161 1621 258 1652 frater
272 1621 424 1659 Henetus,
447 1622 501 1663 qui
519 1622 650 1654 Graeeiae
671 1622 711 1653 de
733 1632 788 1652 suo
809 1632 864 1653 no·

161 1674 234 1694 men
249 1664 370 1695 indidit.

204 1710 234 1737 3.
248 1708 367 1738 Primus
383 1707 547 1747 Minervae,
563 1706 639 1749 &c.]
660 1706 732 1739 Hoc
741 1706 866 1739 Theseo

160 1747 271 1780 tribuit
280 1748 471 1786 Plutarchus,
482 1751 639 1782 Minervae
648 1749 705 1792 ipsi
712 1750 868 1792 Hyginus,

163 1792 298 1834 Cecropi
318 1792 476 1829 Eusebius,
503 1799 537 1825 et
561 1795 660 1824 Varro
675 1794 758 1834 apud
780 1795 865 1834 Aug.

162 1835 249 1877 quod
270 1834 479 1877 probabilius3
501 1835 533 1868 in
554 1845 625 1867 arce
646 1835 714 1867 orti
735 1834 817 1867 oliva
836 1843 867 1867 et

163 1887 243 1919 aqua
258 1887 451 1919 erumpente,
472 1878 543 1910 cum
557 1877 746 1920 Delphicum
761 1889 868 1909 oracu-

165 1919 230 1951 lum
252 1921 399 1963 Cecrop3,
413 1921 489 1963 quid
508 1920 590 1953 facto
604 1928 680 1952 esset
696 1932 784 1963 opus,
796 1932 868 1952 con-

165 1962 304 1995 suluisset
312 1975 322 2002 ;
331 1974 510 2005 responsum
519 1971 576 2003 est,
585 1962 667 1994 oliva
677 1964 875 2001 Minervam„

165 2015 246 2047 aqua
262 2007 446 2048 Neptunum
465 2006 643 2048 ‘igniiicari¹
665 2014 698 2038 et
713 2006 870 2039 civitatem

166 2058 204 2079 ex
219 2048 396 2080 alterutrius
409 2051 534 2081 nomine
549 2048 772 2092 appellandam.

209 2095 241 2123 4.
262 2093 412 2133 Aquatum
439 2093 579 2133 Eluvies]
615 2091 694 2123 illud
718 2091 871 2123 diluvium

167 2134 207 2165 ad
217 2134 461 2176 Amphictyonis
474 2132 614 2176 tempora
626 2136 791 2176 Orospost
804 2136 818 2167 J
825 2146 872 2166 us-

168 2177 289 2208 tinum:
323 2177 366 2208 ad
393 2178 516 2213 Cranai,
545 2177 691 2210 Clemens
713 2177 806 2208 Alex.
835 2178 873 2207 ad

170 2220 328 2262 CecropiS,
347 2221 458 2252 Euseb.
471 2221 561 2252 Hier.
581 2224 666 2262 Aug.
683 2228 714 2250 et
731 2221 806 2260 Cyr.
826 2230 873 2250 re-

168 2261 291 2298 ferunt:
313 2263 406 2294 distat
419 2263 457 2293 ab
475 2265 617 2305 Ogygoeo
631 2262 717 2295 annis
729 2266 801 2294 272.
836 2262 875 2293 11-

170 2304 226 2335 lud
248 2306 332 2337 enim
354 2309 416 2337 An.
442 2306 558 2336 Mundi
585 2308 678 2341 2258,
700 2305 760 2337 hoc
781 2309 875 2342 2530,

170 2348 291 2389 Moysis
303 2356 445 2391 tempore
460 2348 601 2389 contigit.

214 2394 246 2423 5.
261 2392 389 2434 Refizgia
403 2392 559 2434 montium]
580 2389 751 2422 Deucalion
765 2390 878 2433 pelago

172 2433 407 2471 circumvectus,
422 2435 462 2465 ad
477 2436 608 2466 AEtnam
624 2433 745 2470 Siciliae,
760 2444 797 2464 ex
809 2435 877 2476 Hy-

168 2489 246 2519 ωηο
259 2483 285 2507 :t
300 2479 410 2515 Arato,
428 2477 468 2508 ad
488 2479 642 2518 Lycorem
653 2486 689 2506 ex
706 2478 825 2507 Luciam
839 2477 877 2507 ad

175 2521 372 2556 Parnassum,
395 2531 432 2551 ex
455 2521 583 2561 Apollod.
608 2519 723 2556 A'onnv,
742 2525 770 2550 et
795 2520 879 2550 ovid.

173 2561 308 2604 appulit:
321 2570 353 2594 at
363 2563 526 2594 Pausanias
535 2563 577 2593 ait
589 2561 740 2599 homines,
749 2562 880 2603 quitum

939 1370 968 1398 6.
992 1367 1084 1397 Genus
1105 1362 1274 1406 hominunm]
1328 1362 1498 1395 No'e‘tieum
1519 1363 1602 1396 dilu-

898 1408 984 1440 vium
1009 1409 1219 1440 Deucalioneo
1241 1406 1466 1438 adumbratum
1486 1408 1604 1445 Poe'tae,

897 1459 929 1483 et
943 1451 1063 1483 infinita
1083 1451 1183 1493 prope
1197 1451 1236 1481 de
1249 1449 1447 1486 Deucalione,
1470 1450 1606 1491 Pyrrha,

900 1502 931 1526 et
946 1494 1098 1536 lapidibus
1109 1494 1198 1535 japtis
1212 1492 1382 1524 commenti
1395 1499 1478 1523 sunt.

941 1541 971 1570 7.
987 1538 1048 1568 Per
1061 1541 1193 1572 ordinem,
1205 1538 1307 1566 scilicet
1319 1535 1516 1577 successionis-,J
1529 1536 1604 1567 Duo

899 1580 1022 1612 tantum
1036 1579 1140 1610 omissi
1161 1586 1241 1615 sunt,
1261 1588 1395 1619 quorum
1416 1577 1495 1608 alter
1516 1578 1604 1609 Eric-

898 1623 1033 1659 thonius,
1043 1623 1097 1664 qui
1107 1622 1194 1664 pulso
1205 1621 1438 1662 Amphictyone
1451 1620 1607 1652 Panathe-

899 1675 1039 1698 naeorum
1060 1664 1271 1695 celebritatem
1295 1663 1438 1700 instituit,
1458 1663 1530 1694 licet
1545 1663 1606 1694 hoc

900 1708 1025 1739 Theseo
1053 1707 1208 1738 tribuatur
1229 1705 1248 1737 a
1276 1705 1452 1737 Plutarcho,
1510 1705 1606 1737 Alter

903 1750 1041 1782 Pandion
1055 1750 1115 1781 fuit
1127 1749 1300 1781 Ericthonii
1314 1747 1405 1786 filius,
1422 1750 1560 1788 Prognes
1574 1756 1608 1779 et

902 1793 1085 1826 Philomelae
1106 1800 1205 1835 pater,
1226 1802 1288 1833 quo
1303 1799 1453 1833 regnante
1470 1792 1564 1822 Ceres
1574 1799 1608 1823 et

901 1836 1069 1878 Dionysius
1077 1834 1229 1867 venerunt
1244 1835 1275 1864 in
1287 1836 1438 1865 Atticam.

945 1883 976 1910 8.
1005 1881 1056 1909 Ad
1078 1877 1269 1920 Erectheum]
1310 1876 1475 1908 Pandionis
1499 1875 1611 1914 fllium,

904 1922 958 1965 qui
972 1921 1130 1953 Eleusinios
1152 1920 1259 1962 praelio
1273 1920 1356 1951 vicit.

947 1969 975 1997 9.
997 1967 1088 2007 Apud
1106 1963 1248 2006 Eleusin]
1300 1962 1417 1995 Atticae
1437 1960 1611 2001 civitatem,·

904 2019 966 2040 non
981 2007 1090 2050 procul
1103 2006 1142 2038 ab
1154 2006 1296 2038 Athenis.

951 2055 998 2082 10.
1022 2049 1216 2092 Triptolemo]
1270 2048 1340 2080 Fuit
1365 2047 1453 2080 Celei
1476 2046 1612 2078 Eleusini

906 2093 998 2136 regis.
1020 2101 1052 2125 et
1068 2093 1239 2134 Megarinae
1261 2091 1354 2131 filius,
1375 2091 1414 2122 de
1429 2101 1491 2132 quo
1512 2090 1613 2122 multa

909 2139 1023 2169 Poetae.
1468 2170 1488 2176 -

952 2183 998 2211 11.
1015 2177 1144 2220 Noctes]
1173 2177 1208 2208 Id
1230 2184 1288 2215 est,
1301 2176 1445 2208 Eleusina
1465 2185 1560 2214 sacra,
1581 2175 1613 2206 in

908 2222 988 2254 illius
1002 2222 1153 2253 honorem
1168 2220 1329 2251 celebrata.

954 2269 1002 2296 12.
1025 2264 1143 2306 Egens]
1191 2263 1362 2294 Erectheus
1392 2261 1490 2293 filium
1515 2270 1616 2292 susce·

910 2308 956 2350 pit
969 2310 1154 2348 Cecropem,
1163 2305 1213 2336 hic
1228 2305 1430 2341 Pandionem,
1443 2316 1479 2336 ex
1488 2315 1550 2345 quo
1562 2314 1616 2334 na-

911 2358 961 2382 tus
969 2358 1014 2381 est
1026 2351 1158 2391 AEgeus,
1179 2349 1251 2379 cum
1279 2347 1444 2379 Pandiona
1461 2346 1616 2378 Nletioni-

911 2394 959 2424 dis
973 2403 1070 2434 regno
1085 2392 1190 2434 pulsus
1203 2397 1291 2428 esset,
1307 2390 1371 2432 ipse
1387 2389 1572 2420 Metionidis
1583 2398 1618 2418 e-

911 2436 1000 2477 jectis
1013 2445 1147 2476 regnum
1169 2433 1312 2465 obtinuit.
1357 2433 1461 2474 AEgeo
1476 2432 1565 2467 mari,
1585 2431 1618 2461 in

915 2480 999 2520 quod
1015 2488 1045 2508 se
1054 2477 1140 2508 dedit
1151 2476 1353 2518 praecipitem‚
1365 2485 1478 2506 nomen
1494 2474 1589 2505 dedit.

959 2525 1007 2552 13.
1022 2521 1122 2551 Thesei
1132 2518 1241 2561 pann]
1261 2517 1402 2548 Theseus
1417 2517 1563 2548 Herculis
1577 2517 1621 2548 af-

916 2563 998 2602 finis,
1012 2570 1044 2593 et
1058 2562 1166 2593 socius.
1208 2560 1332 2592 Fabulae
1348 2561 1387 2590 de
1405 2561 1520 2602 AEgeo,
1535 2560 1622 2591 'rhe-

175 2615 238 2635 non
252 2603 379 2637 fufirunt
395 2605 483 2636 undis
493 2604 640 2646 oppressi,
655 2603 801 2644 luporum
813 2604 881 2635 ulu-
917 2617 968 2637 seo
980 2613 1012 2636 et
1028 2604 1147 2636 Medea
1162 2611 1244 2635 notae
1257 2602 1410 2634 omnibus.

177 2646 275 2678 latum
297 2656 452 2689 sequutus,
475 2648 514 2678 ad
532 2649 607 2688 juga
620 2647 759 2678 Parnassi
773 2656 882 2688 perve-

964 2652 1010 2679 14.
1037 2647 1172 2689 Medea]
1213 2648 1308 2678 A'etae
1329 2645 1519 2676 Colchorum
1543 2645 1626 2687 regis

176 2690 266 2729 nisse,
275 2689 381 2732 ibique
395 2691 508 2722 urbem
518 2689 699 2725 condidisse,
711 2699 805 2730 quam
817 2689 881 2722 ‹lix-
919 2690 993 2731 filia,
1004 2702 1075 2732 quae
1088 2691 1231 2721 jasonem
1242 2688 1379 2730 primum
1395 2695 1496 2719 secuta
1507 2695 1563 2728 est,
1571 2689 1625 2721 de·

177 2731 270 2766 erunt
282 2734 468 2774 Lycoream.

921 2734 991 2765 inde
1006 2733 1044 2764 ab
1058 2743 1096 2765 eo
1112 2732 1273 2775 repudiata
1288 2732 1393 2774 Aigeo
1407 2730 1519 2773 nupsit.
