1903 3076
504 188 619 232 LIB.
649 186 833 231 XXIV.
878 189 1012 233 CAP.
1040 189 1130 232 IV.
1678 200 1757 233 eet-3

48 295 52 299 ·
106 285 194 324 ipsa
211 270 353 314 oscula
371 269 643 313 trucidantur:
666 272 941 325 proclamante
959 272 1154 323 Arsinoe,
1173 274 1285 327 quod
1297 280 1463 314 cantum
1475 287 1551 313 ne-

100 331 165 370 fas
184 343 254 370 aut
269 331 471 378 nubendo,
494 340 563 369 aut
579 339 669 382 post
688 330 849 382 nuptias
864 330 1139 371 contraxisset.
1184 331 1263 371 Pro
1279 330 1373 371 filiis
1389 331 1497 385 saepe
1509 346 1552 372 se

103 387 410 442 percussoribus
432 387 604 436 obtulit;
627 388 860 441 frequenter
877 403 1045 441 corpore
1061 403 1134 428 suo
1147 403 1368 442 puerorum
1382 404 1554 443 corpora

104 448 337 500 amplexata
355 445 560 498 protexit3
596 447 844 501 vulneraque
863 446 1069 499 excipere,
1098 462 1193 502 quae
1212 447 1352 487 liberis
1371 447 1552 489 intende.

103 507 270 554 bantur,
280 501 424 543 voluit.
457 505 546 544 “Ad
557 515 806 556 postremum
816 504 936 544 ctiam
947 504 1117 557 spoliata
1133 504 1346 545 funeribus
1356 506 1552 555 filiorum,

106 562 246 604 ¹scissa
265 570 391 609 veste,
413 571 453 602 et
471 562 654 602 crinibus
683 561 827 615 passis,
855 577 951 601 cum
981 564 1141 611 duobus
1169 563 1341 604 servulis
1370 579 1422 603 ex
1451 566 1552 605 urbe

108 627 328 675 protracta,
356 619 695 659 ²Samotl1raciam
727 619 769 660 in
801 619 975 659 exilium
1009 622 1118 669 abit3
1149 636 1198 661 eo
1227 621 1412 662 miserior
1440 622 1553 676 quod

106 676 214 719 mori
234 692 330 718 cum
351 677 445 718 filiis
465 677 503 717 ei
524 693 603 718 non
621 676 752 718 licuit.
813 679 889 717 Sed
912 693 984 718 nec
1003 678 1222 720 Ptolemaeo
1252 679 1380 720 inulta
1400 681 1554 720 scelera

105 736 286 777 fuerunt.
319 736 483 790 Quippe
502 736 582 776 diis
601 735 901 776 immortalibus
923 745 980 776 tot
1003 737 1194 789 perjuria,
1223 745 1265 777 et
1284 747 1368 778 tam
1387 748 1554 778 cruenta

103 792 324 848 parricidia
344 794 660 844 vindicantibus,
688 793 804 833 brevi
838 794 930 846 post
965 794 988 832 ἐι
1019 794 1156 836 Gallis
1186 795 1381 849 spoliatus
1409 811 1553 851 regno,

105 859 354 906 captusque,
375 851 502 892 vitam
523 852 643 901 ferro,
665 859 713 891 ut
731 853 946 900 meruerat,
966 851 1117 893 amisit.
1349 864 1353 870 ’

166 910 302 951 CAP.
324 909 410 950 IV.
442 909 638 965 Namque
658 909 809 959 ³Galli,
829 909 1053 950 abundanti
1071 910 1348 962 multitudine,
1369 912 1463 953 curn
1482 927 1553 953 eos
1565 928 1652 959 Gaui
1669 930 1701 960 ς,

107 983 190 1009 non
205 976 396 1022 caperent
415 977 528 1009 terrae
559 983 649 1024 quae
663 976 899 1023 genuerant,
928 978 1102 1009 trecenta
1122 968 1252 1010 millia
1270 969 1484 1020 hominurn
1505 973 1555 1011 ad
1570 972 1739 1024 Mafedonf·

107 1028 223 1068 sedes
253 1041 380 1067 novas
400 1029 651 1080 quaerendas,
680 1026 811 1066 “velut
832 1041 903 1066 ver
932 1041 1094 1067 sacrum
1122 1027 1336 1068 miserunt.
1396 1030 1465 1069 Ex
1490 1029 1554 1069 his
1567 1027 1736 1045 ‘'m''“m‘

110 1083 243 1138 portio
261 1083 307 1124 in
328 1083 446 1124 Italia
468 1084 663 1134 consedit,
693 1099 784 1138 quae
814 1094 853 1124 et
872 1086 1032 1124 §urbem
1054 1085 1284 1126 Romanam
1309 1098 1470 1139 captam
1491 1087 1555 1126 in·
1565 1065 1647 1100 μή

115 1141 268 1183 cendit:
293 1151 331 1182 et
347 1142 478 1195 portio
495 1142 686 1198 Illyricos
701 1142 829 1192 sinus,
851 1144 1021 1184 ducibus
1034 1144 1178 1184 avibus
1197 1145 1316 1199 (nam
1331 1145 1556 1199 augurandi

108 1200 241 1242 studio
253 1199 371 1241 Galli
385 1213 529 1254 praeter
543 1200 733 1242 caeteros*
754 1201 923 1256 callent)
942 1216 1013 1254 per
1026 1210 1179 1256 strages
1200 1203 1473 1243 Bai-batorum
1487 1218 1556 1256 pe-
1571 1233 1589 1250 .
1612 1232 1753 1269 mmm,

111 1257 301 1315 natavit,
320 1267 362 1299 et
375 1258 434 1298 ⁶in
453 1259 658 1299 Pannonia
673 1259 871 1299 consedit:
893 1275 991 1314 gens
1013 1275 1166 1313 aspera,
1182 1263 1327 1310 audax,
1347 1261 1555 1311 bellicosa,
1570 1278 1718 1318 Bongarg.

112 1317 226 1372 bquae
244 1315 394 1370 ⁷prima
413 1327 505 1371 post
525 1317 762 1369 Herculem,
791 1317 858 1357 cui
887 1333 936 1357 ea
963 1333 1026 1358 res
1056 1317 1220 1358 virtutis
1248 1318 1557 1360 admirationem

653 1445 1033 1477 INTERPRETATIO.

152 1520 171 1542 ²
194 1519 324 1564 Dem‘que
335 1521 470 1565 denegate?
480 1523 564 1552 ctiam
578 1520 724 1554 facultate
739 1530 816 1566 sepe·
854 1527 1024 1554 transcendit
1033 1526 1132 1564 prima
1141 1528 1204 1566 Post
1217 1524 1370 1555 Herculem
1375 1536 1386 1559 ,·
1402 1526 1480 1566 cujus
1492 1524 1559 1553 vir-

110 1565 295 1606 liendifih'os,
308 1573 384 1596 veste
401 1565 507 1602 lucerii,
532 1565 591 1595 &c.
855 1572 898 1597 tus
921 1569 1133 1598 admirationem
1153 1575 1180 1598 et
1206 1569 1444 1597 immortalitataem
1467 1578 1558 1596 come-

156 1607 175 1634 b
209 1607 278 1647 Qua
300 1610 438 1639 inaccessa
453 1611 530 1650 juga
557 1609 690 1649 Alpium,
710 1615 736 1640 et
757 1610 816 1639 loca
854 1616 920 1640 cula
934 1617 985 1648 est,
1000 1611 1072 1652 quia
1086 1610 1315 1641 transcenderet
1329 1609 1437 1651 Alpes.

112 1661 174 1692 quae
192 1663 245 1681 non
267 1657 388 1693 poscunt
407 1658 530 1694 propter
549 1653 654 1693 felgus
677 1652 817 1691 habueri,

757 1764 928 1796 NOTAE.

158 1840 187 1868 1.
200 1836 296 1867 scissa
303 1843 392 1875 veste,
402 1835 478 1878 &c.]
492 1837 588 1868 Hunc
601 1847 723 1869 morem
731 1835 838 1881 usur-l
855 1846 941 1869 rent:
959 1839 1174 1882 creditumque
1189 1848 1234 1873 est
1249 1840 1309 1873 illis
1323 1841 1427 1872 adesse
1442 1842 1558 1878 Deum.

114 1878 231 1922 pabant
244 1879 391 1921 Antiqui,
406 1887 441 1910 ut
456 1879 565 1911 habitu
574 1880 724 1922 squallido
737 1891 820 1921 spar-
856 1881 904 1912 cui
919 1882 1109 1914 dicabantur.

116 1922 218 1963 sisque
244 1921 391 1961 crinibus,
421 1930 453 1952 et
475 1923 577 1954 cinere
599 1934 822 1965 nonnunquam

119 1963 242 1995 foedatis
257 1963 444 1996 incederent.

159 2011 190 2038 ⁴2.
205 2007 454 2050 Samothraciam]
477 2009 584 2039 Samos
597 2007 695 2039 insula
709 2007 823 2050 duplex

119 2057 186 2088 θεῖς
208 2048 305 2080 altera
319 2048 350 2080 in
367 2051 454 2081 Mari
480 2053 584 2086 Icario,
606 2051 698 2081 loniae
713 2051 824 2085 vicina.

118 2103 183 2123 non
203 2092 315 2134 procul
335 2091 375 2123 ab
399 2093 542 2134 Epheso3
563 2093 659 2124 altera
682 2094 710 2124 in
736 2095 823 2124 Mari

121 2135 166 2165 AE
189 2145 238 2172 eo,
251 2135 291 2165 ad
305 2135 383 2166 ostia
397 2134 510 2172 Hebri,
527 2136 606 2166 inter
622 2137 777 2166 Lemnum
793 2146 823 2167 et

120 2178 168 2208 lm
191 2188 273 2215 rum,
287 2188 370 2219 quae,
384 2177 455 2219 quia
465 2178 609 2209 'l'hraciae
625 2179 758 2219 adjacet,
773 2181 823 2209 Sa-

120 2219 294 2251 mothracia
317 2220 441 2258 dicitur,
469 2220 507 2251 de
532 2221 592 2263 quii
616 2220 665 2252 hic
689 2221 826 2263 loquitur

123 2262 269 2294 lustinus.

164 2310 195 2336 8.
226 2305 336 2348 Galla]
394 2306 499 2348 Hujus
523 2306 727 2348 expeditionis
752 2306 827 2337 duas

121 2358 226 2380 causas
240 2347 331 2379 affert
346 2348 474 2384 Livius;
499 2348 638 2384 alteram,
655 2360 741 2391 spem
757 2360 826 2391 pre-

125 2391 192 2428 dae;
225 2390 368 2426 alteram,
401 2391 563 2433 penuriam
596 2400 826 2424 commeatuum

125 2443 184 2475 pro
198 2440 285 2464 tanta
299 2433 508 2465 multitudine.

166 2479 199 2506 4.
227 2478 262 2507 V
258 2478 314 2507 dut
329 2490 382 2508 ver
394 2477 529 2520 socnam]
566 2478 632 2508 Ver
646 2486 766 2508 sacrum
787 2478 829 2509 sic

124 2517 258 2560 explicat
281 2519 451 2560 Dionysius
488 2519 664 2551 Halicarn.:
701 2521 832 2561 Quoties

126 2561 158 2591 in
183 2559 286 2602 aliqua
314 2562 441 2593 civitate
470 2563 557 2604 vulgi
586 2562 756 2594 multitudo
785 2564 830 2594 ni-

126 2602 227 2633 mium
241 2613 442 2644 excresceret,
463 2616 518 2636 nec
541 2605 687 2636 alimenta
713 2605 831 2637 suffice-

127 2653 198 2677 rent
220 2646 381 2683 omnibus;
404 2647 464 2679 deo
486 2648 619 2690 cuipiam
642 2658 832 2679 consecratos

128 2695 206 2730 quot
228 2699 324 2720 annos
344 2698 478 2731 pareret,
495 2690 636 2722 homines
658 2690 740 2722 foras
761 2692 832 2722 ideo

898 1929 927 1956 5.
948 1925 1106 1956 Romanam
1121 1926 1241 1968 urbem]
1276 1927 1377 1958 Victis
1399 1927 1560 1964 Romanis,

858 1968 998 1998 Brennus
1027 1968 1138 2000 urbem
1163 1978 1285 2010 captam
1310 1970 1465 2008 incendit3
1495 1970 1561 2006 sed,

857 2010 932 2041 dum
949 2011 1140 2052 Capitolium
1155 2012 1173 2043 εὶ
1190 2013 1313 2043 Manlio
1329 2013 1489 2043 defensum
1503 2012 1560 2043 ob-

857 2053 946 2090 sidet,
970 2053 988 2085 ’Σι
1004 2054 1138 2086 Camillo
1154 2054 1252 2092 exule,
1268 2056 1322 2097 qui
1345 2057 1560 2086 Ronmnorum

858 2095 1001 2137 reliquias
1013 2096 1191 2139 collegerat,
1205 2108 1276 2129 cum
1296 2098 1356 2128 suis
1372 2098 1412 2128 ad.
1426 2098 1560 2128 interne-

857 2139 979 2170 cionem
995 2139 1128 2172 deletur.
1171 2141 1244 2172 Hoc
1258 2148 1369 2172 notum
1383 2140 1536 2171 omnibus.

900 2185 929 2213 6.
951 2183 988 2212 In
1004 2183 1178 2226 Pannonii]
1220 2184 1322 2225 Regio
1342 2183 1401 2214 fuit
1428 2185 1562 2224 Europae

859 2224 1006 2262 maxima,
1023 2225 1104 2257 inter
1118 2226 1301 2258 Danubium
1317 2226 1354 2256 ad
1371 2227 1563 2267 Septentrio-

859 2277 932 2298 nem
952 2274 984 2298 et
1008 2269 1136 2306 Ortum,
1161 2269 1314 2300 Noricum
1337 2268 1376 2300 ad
1399 2271 1566 2307 Oceanum,

859 2317 891 2340 et
906 2309 1069 2351 Illyricum
1085 2312 1124 2342 ad
1140 2311 1322 2343 Meridiem.
1342 2311 1469 2353 Duplex
1484 2311 1562 2342 suit:

860 2353 1000 2394 superior
1015 2354 1122 2386 versus
1142 2357 1307 2393 Occasum,
1332 2354 1385 2385 ubi
1400 2364 1480 2384 nnnc
1497 2364 1567 2393 pars

860 2395 1009 2434 Austriae,
1045 2396 1157 2436 Stiriae‚
1186 2397 1362 2428 Vindorum
1400 2397 1568 2432 Marchiae.

863 2437 1045 2474 Sclmroniae,
1064 2447 1097 2470 et
1112 2439 1283 2477 Carniolae3
1306 2439 1432 2470 inferior
1450 2441 1567 2469 Ortum

863 2481 978 2516 versus,
994 2480 1048 2512 ubi
1062 2492 1144 2513 nunc
1166 2493 1280 2523 magna
1303 2493 1373 2524 pars
1393 2482 1568 2523 Hungariae

863 2530 894 2554 et
910 2523 1091 2555 Sclavoniae.
1117 2525 1234 2556 Multae
1249 2525 1316 2556 aliae
1329 2531 1399 2555 sunt
1414 2523 1506 2565 hujus
1521 2524 1570 2554 di-

865 2565 996 2597 visiones
1019 2567 1102 2608 apud
1125 2570 1289 2604 Auctores‚
1313 2568 1352 2598 de
1374 2565 1484 2608 quibus
1505 2576 1568 2597 nou

867 2616 911 2638 est
927 2608 978 2639 hic
994 2610 1105 2651 agendi
1120 2609 1215 2641 locus.

904 2655 921 2682 7
926 2674 934 2681 .
944 2653 1048 2682 Prima
1054 2659 1118 2694 post
1131 2653 1306 2695 Herculem]
1314 2652 1570 2695 Hercules-,Alpes

867 2703 1075 2735 superaverat,
1097 2702 1133 2725 ut
1157 2699 1339 2738 Geryonem
1363 2697 1395 2730 in
1419 2694 1570 2738 Hispania

129 2730 325 2769 emittebant,
342 2739 376 2764 ut
397 2732 471 2765 alias
492 2733 577 2765 sedes
598 2733 692 2765 armis
712 2744 830 2776 quaere·
872 2742 1040 2778 tyrannum
1056 2737 1220 2770 occideret.
