1903 3076
116 203 171 239 24
927 194 1156 238 JUSTINI

326 274 476 332 pendia
490 275 677 326 debebat,
693 274 810 330 quasi
830 274 1098 330 impossibile,
1117 273 1410 330 impetraverit,
1430 282 1475 316 ut
1487 289 1599 316 arma
1612 275 1762 332 regina?

329 337 597 376 Amazonum
616 332 695 374 sibi
715 334 889 374 afferret.
939 335 1004 374 Εὸ
1018 334 1141 388 igitur
1157 334 1361 387 profectus
1377 333 1508 387 longis
1528 349 1675 375 novem
1691 351 1763 377 na-

327 393 464 440 vibus,
483 390 699 431 comitante
718 390 952 445 principum
971 391 1149 432 Graeciae
1167 391 1393 445 juventute,
1419 390 1670 444 inopinantes
1690 407 1766 448 ag-

329 449 522 505 greditur.
568 449 675 490 Duae
693 458 781 490 tum
799 464 952 489 sorores
970 451 1235 489 Amazonum
1247 465 1369 503 regna
1385 452 1621 501 tractabant,
1644 456 1656 473 ¹
1670 451 1765 492 An.

327 508 435 560 tiope
451 515 492 548 et
507 505 703 560 Orithya:
726 509 794 557 sed
809 506 984 562 Orithya
998 505 1097 546 foris
1116 508 1271 547 bellum
1290 508 1465 562 gerebat.
1518 506 1648 562 Igitur
1666 507 1765 549 cum

327 565 526 605 Hercules
555 567 605 605 ad
633 564 729 605 litus
749 569 1013 604 Amazonum
1043 563 1255 618 apphcuit,
1283 564 1519 618 infrequens
1547 565 1770 609 multitudo

328 637 423 663 cum
439 621 622 675 Antiopa
641 621 796 676 regina,
816 621 921 662 nihil
943 621 1326 676 hostile'metuente,
1345 632 1445 662 erat.
1477 622 1568 677 Qua
1584 638 1626 663 re
1643 623 1766 663 effec-

328 688 418 720 tum
437 689 511 729 est,
541 689 586 720 ut
604 694 741 733 paucae
762 680 971 733 repentino
1005 681 1181 721 tumultu
1211 680 1372 731 excitae,
1403 694 1514 719 arma
1543 689 1764 730 sumerent,

327 737 577 792 facilemque
594 738 805 778 victoriam
821 737 1000 778 hostibus
1018 740 1169 778 darent.
1216 738 1362 778 Multae
1380 737 1516 792 itaque
1530 752 1656 786 caesae,
1672 753 1767 792 cap-

326 804 473 850 taeque.
534 795 583 835 In
603 796 668 835 his
688 797 778 836 duae
799 794 991 848 Antiopae
1022 811 1189 847 sorores,
1220 795 1458 848 Menalippe
1487 796 1538 834 ab
1568 796 1765 848 Hercule,

327 853 554 923 Eippolyte
576 853 600 892 ὲ
620 853 797 894 Theseo.
857 854 935 894 Sed
956 856 970 875 ²
988 854 1172 893 Theseus
1192 853 1352 894 obtenta
1371 853 1410 893 in
1432 852 1645 921 praemium
1667 868 1764 907 cap-

326 911 427 961 tiva,
445 910 645 951 eandem
633 926 675 951 in
696 910 1004 952 matrimonium
1023 911 1253 966 assumpsit,
1276 922 1381 952 etex
1404 925 1451 951 ea
1467 911 1607 965 genuit
1628 915 1643 941 3
1661 911 1766 965 ΗίΡ-

325 970 548 1033 polytum.
592 969 803 1019 Hercules,
824 978 915 1022 post
936 968 1165 1019 victoriam,
1187 969 1454 1022 Menalippen
1476 968 1680 1021 captivam
1697 984 1766 1010 so-

325 1026 407 1066 rori
422 1017 614 1078 reddidit,
635 1036 674 1067 et
694 1027 871 1081 pretium
886 1041 997 1066 arma
1011 1026 1160 1082 reginae
1181 1027 1350 1079 accepit.
1410 1029 1552 1081 Atque
1568 1026 1624 1066 ita
1643 1027 1764 1068 func-

325 1092 390 1124 tus
410 1084 596 1138 imperio,
631 1086 681 1124 ad
709 1099 849 1139 regem
869 1083 1097 1125 revertitur.
1159 1085 1235 1125 Sed
1255 1084 1442 1139 Orithya‚
1472 1084 1545 1124 ubi
1565 1084 1766 1138 comperit

325 1142 484 1183 bellum
504 1141 710 1183 sororibus
729 1142 904 1193 illatum,
924 1151 964 1182 et
984 1151 1189 1195 raptorem
1209 1158 1292 1184 esse
1313 1141 1630 1183 Atheniensium
1651 1142 1764 1196 prin-

325 1199 701 1253 cipem3hortatu1
721 1199 905 1251 comites,
929 1199 1158 1255 frustraque
1178 1210 1216 1241 et
1236 1199 1353 1241 Ponti
1383 1200 1533 1251 sinum,
1553 1208 1594 1240 et
1613 1200 1766 1242 Asiam

326 1258 547 1299 edomitam
567 1273 650 1300 esse
671 1257 786 1308 dicit,
806 1257 838 1298 si
861 1258 1101 1299 Graecorum
1121 1273 1201 1299 non
1217 1267 1298 1298 tam
1315 1258 1448 1309 bellis,
1466 1258 1590 1313 quarn
1608 1258 1765 1312 rapinis

327 1325 501 1368 pateant.
534 1315 758 1357 Auxilium
771 1316 914 1356 deinde
928 1317 949 1355 a
968 1316 1135 1372 Sagillo‚
1151 1331 1243 1370 rege
1263 1316 1455 1371 Scythiae,
1472 1315 1587 1369 petit.
1617 1316 1766 1364 Genus

327 1388 369 1414 se
384 1373 628 1428 Scytharum
640 1389 723 1414 esse
737 1391 743 1413 ;
766 1375 921 1414 cladem
934 1373 1130 1426 virorum,
1143 1374 1419 1414 necessitatem
1432 1388 1652 1425 armorum,
1664 1373 1763 1415 belli

327 1445 468 1472 causas
486 1432 675 1473 ostendit:
700 1430 976 1488 assecutasque
991 1433 1156 1480 virtute,
1175 1447 1224 1472 ne
1246 1432 1447 1486 segniores
1461 1431 1560 1470 viris
1577 1431 1766 1481 foeminas

325 1490 475 1529 habere
497 1490 657 1544 Scythae
679 1490 922 1530 viderentur.
974 1490 1116 1530 Motus
1136 1489 1207 1530 ille
1229 1489 1449 1530 domestica
1469 1488 1615 1544 gloria,
1634 1489 1766 1531 mittit

326 1561 421 1587 cum
437 1546 590 1602 ingenti
607 1547 789 1602 equitatu
807 1547 937 1587 filium
954 1548 1252 1602 Panasagorum
1271 1547 1310 1587 iu
1329 1547 1544 1588 auxilium.
1577 1548 1655 1588 Sed
1670 1555 1763 1589 ante

324 1604 516 1657 praelium
534 1604 778 1646 dissensione
795 1605 894 1653 orta,
911 1607 961 1645 ab
978 1605 1143 1646 auxiliis
1157 1608 1336 1655 desertae,
1354 1606 1459 1645 bello
1472 1606 1522 1644 ab
1536 1605 1764 1646 Athenien-

324 1662 438 1702 sibus
461 1662 701 1711 vincuntur3
722 1664 1022 1717 receptaculum
1043 1673 1177 1704 tamen
1198 1664 1376 1704 habuere
1396 1673 1521 1703 castra
1543 1662 1762 1715 sociorum,

324 1734 499 1772 quorum
519 1720 675 1760 auxilio
691 1720 852 1762 intactae
869 1722 918 1760 ab
933 1721 1022 1761 aliis
1038 1722 1237 1776 gentibus,
1255 1722 1295 1761 in
1309 1736 1478 1775 regnum
1493 1729 1764 1762 revertuntur.

324 1778 419 1817 Post
437 1778 673 1833 Orithyam,
690 1779 943 1820 Penthesilea
957 1794 1081 1834 regno
1098 1779 1223 1832 potita
1239 1790 1314 1830 est,
1329 1779 1445 1832 cujus
1461 1778 1640 1832 Trojano
1653 1780 1762 1824 bello

323 1834 426 1875 inter
447 1836 686 1876 fortissimos
706 1836 830 1885 viros,
860 1837 954 1876 cum
985 1836 1185 1877 auxilium
1221 1838 1410 1878 adversus
1429 1836 1597 1877 Graecos
1626 1837 1764 1888 ferret,

323 1906 473 1946 magna
490 1894 648 1934 virtutis
665 1896 905 1935 documenta
920 1894 1103 1935 extitere.
1154 1895 1366 1935 lutet-fecta
1381 1894 1544 1935 demum
1567 1900 1581 1922 ⁴
1595 1894 1764 1934 Penthe-

324 1949 442 2001 silefi,
462 1952 727 2006 exercituque
747 1953 834 2006 ejus
855 1955 1070 2006 absumpto
1088 1971 1099 2002 3
1118 1968 1271 2006 paucae,
1290 1968 1382 2007 quae
1403 1953 1442 1992 in
1459 1966 1583 2005 regno
1599 1966 1760 1992 reman-

325 2016 473 2057 serant,
495 2009 600 2063 aegre
621 2024 661 2049 se
684 2010 876 2051 adversus
909 2011 1100 2052 finitimos
1119 2012 1391 2061 defendentes,
1419 2024 1548 2063 usque
1579 2018 1761 2061 tempora

325 2066 555 2106 Alexandri
586 2067 723 2122 magni
745 2068 1004 2109 duraverunt.
1067 2070 1226 2109 Harum
1257 2067 1481 2122 Minithya,
1512 2066 1596 2107 sive
1620 2069 1635 2093 ⁵
1653 2067 1764 2107 Tha-

323 2122 458 2164 lestris
477 2123 633 2179 regina,
653 2125 869 2166 concubitu
896 2127 1121 2167 Alexandri
1142 2141 1212 2179 per
1233 2126 1316 2166 dies
1337 2139 1418 2165 x111
1437 2127 1484 2164 ad
1507 2125 1686 2165 sobolem
1709 2139 1762 2164 ex

325 2195 373 2220 eo
394 2184 661 2235 generandam
683 2185 861 2232 obtento,
881 2199 1040 2225 reversa
1058 2184 1098 2224 in
1120 2199 1304 2239 regnum,
1326 2183 1440 2224 bxevi
1460 2191 1643 2235 tempore
1664 2196 1760 2223 cum

326 2239 437 2278 omni
462 2240 727 2281 Amazonum
749 2242 914 2283 nomine
932 2241 1149 2282 intercidit.

120 2299 291 2351 Scytharum
384 2296 513 2338 CAP.
524 2298 584 2338 V.
608 2299 770 2353 Scythae
784 2309 918 2340 autem
931 2300 1045 2340 tertia
1057 2298 1315 2353 expeditione
1331 2297 1502 2348 Asiana,
1516 2312 1607 2338 cum
1620 2299 1636 2323 ⁶
1646 2296 1759 2338 annis

120 2344 220 2372 ‘'⁸¹‘'“m
235 2357 295 2375 ⁶⁰²¹·
324 2362 413 2395 octo
426 2353 448 2393 a
459 2356 701 2411 conjugibus
713 2358 899 2399 etliberis
911 2357 1147 2409 abfuissent,
1158 2357 1294 2398 servili
1306 2358 1415 2398 bello
1423 2355 1534 2397 domi
1546 2356 1759 2408 excipiun-

116 2391 165 2415 tra
180 2400 284 2420 servos.

117 2428 212 2457 Dyrii
226 2435 253 2459 1¹11

119 2467 236 2509 Scythas
252 2482 278 2504 et
955 2453 996 2484 N
1002 2453 1025 2483 O
1035 2453 1117 2485 TAE'

116 2513 168 2543 Im
171 2526 201 2544 as
208 2515 315 2549 bellem
372 2506 399 2533 1.
411 2505 518 2544 Antiop
521 2515 542 2534 ι.
548 2503 561 2546 ]
577 2503 676 2536 Multi
688 2505 850 2547 Antiopen
864 2515 934 2536 cum
947 2506 1026 2548 Hip·
1101 2510 1130 2536 l,
1149 2505 1350 2546 ΡεηιΙιωίΙ-ἂ]
1370 2504 1424 2536 Ab
1435 2503 1560 2537 Achille
1575 2506 1758 2536 Graecorum
1897 2502 1903 2551 Ῑ

327 2546 424 2586 polite
439 2545 639 2578 confundunt.
1058 2547 1225 2578 fortissimo
1240 2547 1409 2579 interfecti.

371 2592 399 2618 2
412 2589 634 2639 Theseus.]AEg
635 2589 674 2624 ei.
685 2590 881 2621 Athenarum
890 2590 980 2632 regis,
990 2601 1027 2622 ex
1100 2594 1130 2621 5.
1156 2590 1336 2633 Thalestris]
1365 2592 1415 2622 De
1428 2589 1586 2622 Thalestxi
1606 2588 1686 2620 libro
1707 2587 1760 2627 xii.
1901 2591 1903 2644 1

327 2629 443 2661 AEthra
460 2631 552 2669 filius,
565 2639 596 2662 et
612 2633 757 2663 Herculis
771 2634 904 2663 assiduus
915 2643 1028 2669 comes,
1057 2643 1191 2675 agemus
1902 2652 1903 2663 η

326 2682 539 2715 magnumque
553 2673 727 2705 fabularum
741 2682 971 2716 argumentum.
1074 2660 1127 2706 6.
1145 2677 1236 2706 Annt's
1256 2674 1346 2719 Octa]
1387 2677 1497 2709 Annos
1511 2678 1551 2707 28
1567 2672 1757 2719 probabilius

371 2720 401 2745 3.
419 2716 626 2765 Hippolitqm]
649 2718 711 2758 Qui
736 2718 811 2748 dum
833 2718 929 2759 patris
949 2718 1027 2748 iram
1057 2717 1150 2752 habet
1166 2719 1287 2751 Herod.

326 2757 419 2799 fugit,
439 2758 476 2788 ab
499 2759 584 2799 equis
606 2759 782 2793 Phocarum
803 2761 870 2793 visu
891 2760 1030 2794 attonitis

327 2808 495 2844 excerptus
509 2803 552 2833 mi
555 2802 620 2833 sere}
633 2802 735 2846 periit.
