1903 3076
83 224 166 267 sa&

91 549 111 576 4
127 546 254 578 Recam.

935 221 1166 265 JUSTINI

298 302 508 359 injuriam,
524 303 604 359 qua
618 312 656 344 et
668 302 796 343 filiam
812 302 900 357 ejus
915 303 1111 344 Medeam
1130 304 1367 353 abduxerat,
1381 311 1419 343 et
1432 300 1563 343 filium
1585 310 1597 326 ¹
1614 298 1739 357 AEgia

299 364 428 404 alium
446 363 717 413 interfecerat,
729 361 791 414 adj
797 360 915 402 unxit
928 379 939 410 ;
957 360 1107 414 partim
1119 361 1300 414 populis,
1315 376 1417 415 quos
1432 375 1495 401 see
1502 375 1572 400 um
1583 363 1739 401 adduxa

299 431 398 471 erat,
411 420 644 475 assignavit.
673 418 920 474 Primusque
932 422 1204 460 humanorum
1218 429 1309 471 post
1324 424 1337 439 ²
1352 419 1573 459 Herculem
1586 427 1628 459 et
1644 417 1740 458 ³Li-

299 481 458 528 berum,
475 478 545 532 qui
564 493 678 533 reges
695 476 872 516 Orientis
889 476 1018 516 fuisse
1033 479 1258 527 traduntur,
1273 491 1362 517 eam
1379 476 1470 516 coeli
1487 477 1650 531 plagam
1665 478 1740 515 do-

298 537 450 578 muisse
458 535 620 576 dicitur.
634 533 802 586 Populis
811 533 1055 588 quibusdam
1062 534 1276 575 4'Frudium
1284 544 1321 574 et
1331 536 1415 574 Am
1421 533 1663 589 phistratum
1673 548 1743 574 au-

298 595 407 651 rigas
421 593 619 634 ⁵Castoris
631 600 673 634 et
683 587 881 643 Pollucis,
893 595 1015 632 duces
1025 592 1258 647 assignavit.
1275 592 1405 632 ⁶Cum
1418 591 1596 632 Albanis
1609 593 1742 632 foedus

299 652 519 708 percussit:
536 650 606 707 qui
620 651 843 691 Herculem
857 665 908 690 ex
921 649 1042 690 Italia
1056 652 1106 690 ab
1122 651 1287 690 Albano
1301 660 1452 699 monte,
1465 650 1576 699 cum,
1587 649 1744 704 ⁷Gery-

300 725 376 753 one
390 710 591 759 extincto,
603 716 785 748 armenta
800 708 886 761 ejus
905 722 978 760 per
997 707 1160 748 Italiam
1180 710 1360 757 duceret,
1381 706 1505 748 secuti
1525 707 1741 754 dicuntur;

300 771 473 825 quique‚
489 780 690 808 memores
711 765 863 806 Italicae
880 765 1063 820 originis,
1080 765 1306 806 exercitum
1321 765 1400 806 Cn.
1429 764 1616 817 Pompeii
1631 765 1742 805 bello

300 825 584 868 Mithridatico
582 826 743 878 fratres
756 822 997 864 salutavere.
1016 823 1161 878 Itaque
1174 822 1311 864 Jasoni
1323 832 1428 863 totus
1441 822 1570 862 ferme
1582 821 1744 873 Oriens,

297 895 343 926 ut
356 883 567 932 conditori,
587 881 746 922 divinos
765 884 938 922 honores
956 881 1192 936 templaque
1209 880 1440 922 constituit:
1464 895 1557 935 quae
1577 879 1743 920 Parme-

297 944 382 993 nio,
397 945 481 983 dux
496 939 724 981 Alexandri
742 939 905 994 Magni,
917 949 1009 993 post
1027 939 1176 979 multos
1195 954 1318 979 annos
1335 937 1444 979 dirui
1457 938 1590 992 jussit,
1604 947 1655 978 n'e
1670 946 1742 978 cua

295 1002 488 1056 jusquam
508 1013 655 1039 nomen
673 997 715 1037 in
737 997 902 1037 Oriente
928 996 1205 1038 venerabilius
1226 998 1352 1051 quam
1375 995 1602 1049 Alexandri
1622 1003 1745 1037 esset.

297 1061 394 1101 Post
413 1067 586 1098 mortem
605 1056 628 1096 J
629 1053 777 1104 asonis,
797 1059 813 1082 ⁸
826 1054 992 1095 Medius
1008 1055 1179 1096 aemulus
1194 1054 1355 1095 virtutis
1367 1055 1468 1108 ejus,
1483 1054 1529 1094 in
1543 1055 1746 1094 honorem

297 1116 452 1167 matris,
483 1115 677 1155 Medeam
707 1114 850 1153 urbem
873 1112 1053 1154 condidit
1069 1132 1080 1163 3
1111 1113 1369 1168 regnumque
1396 1127 1449 1152 ex
1478 1110 1641 1153 nomine
1672 1118 1745 1152 suo

298 1175 522 1215 Medorum
553 1170 777 1221 constituit,
808 1173 882 1211 sub
913 1171 1029 1225 cujus
1060 1170 1266 1224 majestate
1287 1170 1468 1211 Orientis
1496 1170 1634 1223 postea
1663 1168 1745 1210 im-

297 1233 452 1286 pirium
472 1230 565 1271 fuit.
607 1229 784 1270 Albanis
800 1228 945 1270 vicinae
967 1231 1204 1269 Amazones
1226 1238 1343 1277 sunt;
1364 1243 1539 1283 quarum
1560 1227 1746 1282 reginam

298 1292 558 1331 Thalestrem
577 1287 840 1327 concubitum
861 1286 1092 1328 Alexandri
1112 1285 1292 1339 petiisse,
1312 1286 1430 1326 multi
1451 1294 1633 1332 auctores
1648 1300 1746 1338 pro..

293 1349 450 1390 didere.
482 1344 706 1387 Armenius
720 1359 884 1399 quoque
905 1354 944 1385 et
960 1345 1195 1395 Thessalus,
1215 1359 1321 1385 unus
1342 1345 1390 1384 de
1410 1355 1580 1385 numero
1592 1344 1745 1384 ducum

298 1406 475 1460 Jasonis‚
495 1403 711 1444 recollecta
734 1402 1006 1454 multitudine,
1029 1418 1119 1457 quae
1141 1402 1290 1443 amisso
1310 1403 1454 1443 Jasone
1474 1416 1569 1456 rege
1591 1399 1746 1455 passim

298 1465 539 1520 vagabatur,
588 1460 832 1500 Armeniam
879 1460 1059 1502 condidit
1075 1477 1084 1500 ;
1130 1460 1152 1499 ὲ
1193 1460 1308 1513 cujus
1351 1459 1555 1500 montibus
1603 1458 1745 1514 Tigris
1760 1477 1763 1479 ’

298 1522 449 1563 fluvius
485 1517 656 1560 modicis
680 1518 811 1572 primo
843 1518 1103 1558 incrementis
1123 1518 1301 1560 nascitur
1319 1534 1328 1558 ε
1360 1518 1570 1571 interjecto
1601 1516 1747 1556 deinde·

301 1580 509 1637 aliquanto
529 1575 676 1632 spatio,
698 1577 775 1617 sub
796 1585 920 1618 terras
941 1575 1164 1632 mergitur3
1185 1585 1308 1633 atque
1323 1575 1379 1617 ita
1399 1584 1498 1630 post
1508 1573 1688 1631 quinque
1705 1584 1745 1614 et

943 1749 1106 1786 NOTAE.

347 1861 376 1888 1.
404 1857 593 1900 AEgialium.]
616 1856 669 1889 Ab
690 1855 834 1888 omnibus
854 1855 921 1888 fere
944 1855 1010 1888 aliis
1038 1855 1113 1887 lucis
1128 1855 1266 1896 fuissent,
1281 1856 1456 1888 Heniochia
1471 1866 1585 1887 nomen
1599 1855 1717 1888 habuit.

301 1900 460 1942 Absyrtus
474 1900 595 1931 dicitur.
1081 1903 1110 1930 5.
1128 1900 1254 1930 Castoris
1268 1907 1295 1930 et
1310 1898 1459 1940 Pollucis]
1489 1900 1612 1930 Fratres
1625 1898 1743 1940 gemini

346 1948 374 1974 2.
390 1942 566 1984 Herculem]
588 1944 668 1973 Tres
682 1949 825 1973 numerat
841 1941 1011 1980 Diodorus,
1038 1941 1143 1972 Laedae
1169 1952 1206 1973 ex
1229 1943 1307 1973 Jove
1329 1942 1394 1978 filii,
1420 1942 1474 1983 qui
1496 1949 1528 1972 et
1549 1941 1744 1983 Tyndaridae

301 1995 353 2017 sex
366 1984 536 2023 Arnobius,
548 1992 580 2015 et
594 1987 692 2015 Varro
702 1985 763 2015 duo
775 1995 867 2026 supra
878 1984 1009 2025 quadra-
1038 1984 1114 2015 dicti
1135 1991 1226 2022 sunt3
1250 1984 1360 2015 Pollux
1385 1983 1579 2019 immortalis,
1606 1983 1747 2014 mortalis

299 2028 398 2069 ginta,
413 2038 547 2068 quorum
558 2027 788 2065 celeberrimus,
796 2027 869 2058 licet
881 2026 1008 2057 novissi-

298 2072 380 2106 mus,
401 2069 571 2101 Thebanus
592 2069 662 2107 fuit,
684 2069 936 2110 Amphitryonis,
958 2069 1010 2099 vel

302 2113 389 2144 lovis
411 2112 525 2151 fictitii,
550 2121 587 2142 ex
616 2111 770 2143 Alcmena
791 2111 893 2150 filius;
924 2111 1010 2153 cujus

300 2155 421 2186 labores
437 2155 475 2184 ab
491 2154 634 2185 omnibus
656 2155 835 2185 decantatos
850 2154 917 2195 q‘uis
940 2164 1007 2184 nes-

299 2197 383 2229 ciat?
421 2197 496 2238 Ejus
516 2197 643 2227 historia
665 2207 702 2228 ex
724 2196 847 2227 rebus&
862 2199 1008 2227 Samsone

299 2240 396 2282 gestis
411 2249 550 2280 expressa
561 2247 624 2273 eet:
639 2246 771 2280 uterque
786 2239 869 2269 enim
885 2238 1008 2269 leonem

298 2282 375 2313 vicit
389 2295 396 2312 z
414 2283 546 2323 uterque
562 2282 675 2312 evertit
697 2281 866 2318 columnas,
885 2281 935 2312 hic
952 2281 1007 2312 do-

299 2326 356 2363 mi,
372 2324 423 2355 ille
436 2324 613 2365 Hispaniae;
636 2324 734 2365 turpis
748 2323 909 2364 utriusque
924 2324 1007 2363 apud

1039 2027 1149 2058 Castor
1171 2035 1260 2058 natus
1275 2035 1338 2058 est:
1363 2026 1413 2057 hic
1435 2026 1518 2057 enim
1541 2026 1558 2056 a
1581 2026 1746 2067 Tyndaro,

1038 2068 1090 2099 ille
1104 2069 1121 2100 εἰ
1137 2068 1216 2100 Jove
1230 2070 1371 2111 genitus;
1393 2068 1446 2099 sed
1462 2070 1590 2100 Castore
1609 2077 1748 2106 mortuo,

1039 2111 1151 2142 Pollux
1165 2111 1182 2142 ἑ
1200 2111 1277 2143 Jove
1293 2112 1392 2154 petiit,
1407 2121 1493 2141 suam
1510 2118 1545 2142 ut
1559 2111 1746 2142 immortali-

1038 2161 1134 2185 tatem
1150 2164 1221 2184 cum
1236 2153 1331 2185 fratre
1347 2153 1487 2196 partitus,
1510 2153 1628 2184 alterna
1642 2161 1745 2185 morte

1038 2204 1238 2234 moreretur3
1261 2196 1346 2237 quod
1361 2195 1406 2227 ilii
1423 2206 1600 2227 concessum
1615 2204 1671 2227 est.

1080 2243 1109 2270 6.
1133 2241 1200 2270 Cum
1224 2238 1370 2281 Albanis]
1420 2238 1505 2270 Alba
1540 2239 1578 2269 ab
1610 2238 1746 2271 Ascanio

1039 2281 1148 2312 AEneae
1163 2281 1228 2313 filio
1244 2281 1386 2312 condita:
1411 2291 1492 2312 nunc
1507 2283 1535 2313 ei
1551 2282 1669 2323 adjacet
1683 2281 1746 2312 Al-

1038 2324 1152 2355 banum
1169 2324 1253 2360 urbs.
1274 2335 1343 2366 qua:
1359 2335 1396 2355 ex
1414 2324 1481 2365 ejus
1502 2323 1664 2356 ruderibus
1678 2334 1745 2355 cre·

300 2367 446 2398 mulieres
471 2367 611 2402 servitus,
635 2367 721 2397 istius
746 2367 828 2407 apud
858 2365 1006 2402 Dalilam‚
1036 2367 1091 2403 vit,
1114 2368 1236 2398 Albano.

298 2409 381 2441 illius
395 2409 477 2450 apud
494 2408 695 2449 Omphalem,
713 2409 771 2439 &c.

343 2457 375 2483 8.
399 2451 559 2493 Liberum]
604 2452 708 2492 Hujus
729 2450 862 2482 nominis
882 2450 1007 2482 fuerunt

298 2495 393 2526 etiam
404 2493 584 2535 plurimi‚ex
598 2495 735 2528 Dima,-
752 2504 884 2534 quorum
899 2494 1010 2524 tertius

300 2545 428 2568 caeteros
442 2546 547 2566 rerum
559 2545 718 2577 gestarum
729 2535 827 2576 gloria
843 2536 1010 2576 superavit,

300 2579 355 2622 qui
370 2590 407 2610 ex
424 2580 502 2609 Jove
521 2585 551 2609 et
567 2577 687 2608 Semele
701 2578 820 2608 Thebis
833 2579 965 2620 genitus.

342 2626 372 2652 4.
394 2621 555 2661 Fadium]
578 2622 649 2651 Hoc
664 2620 790 2650 nomine
811 2620 914 2651 nullus
927 2620 1004 2651 fuit:

299 2664 351 2694 sed
362 2663 483 2693 Rhecas
493 2671 523 2693 et
533 2662 942 2705 Amphistratus,latronum
950 2663 1007 2693 du-

1081 2412 1110 2441 7.
1143 2411 1270 2451 Geryone
1300 2409 1444 2452 extincta]
1497 2409 1743 2450 Trigorporeum

1037 2450 1125 2482 finxit
1140 2451 1261 2482 fabula:
1288 2459 1350 2482 tres
1364 2459 1469 2483 tamen
1483 2451 1620 2487 fuerunt,
1632 2451 1744 2482 eodem

1038 2494 1176 2531 nomine,
1188 2493 1301 2531 fratris,
1312 2495 1377 2535 qui,
1389 2494 1460 2525 cum
1473 2501 1634 2526 uterentur
1645 2493 1745 2524 maxi-

1038 2534 1090 2566 ma
1104 2536 1186 2567 inter
1200 2547 1231 2567 se
1252 2535 1397 2573 amicitia,
1419 2536 1458 2568 ab
1473 2535 1533 2568 uui
1555 2543 1660 2568 mente
1675 2535 1744 2578 regi

1038 2578 1233 2620 putabantur.
1277 2580 1393 2609 Hesiod.

1081 2624 1109 2651 8.
1125 2620 1272 2663 Medius]
1287 2621 1404 2652 Medos
1417 2629 1521 2652 tamen
1534 2621 1572 2653 e'x
1586 2620 1679 2652 Ludo
1690 2621 1745 2651 Se-

1037 2662 1080 2693 mi
1096 2662 1162 2694 filio
1183 2670 1267 2697 ortos
1281 2665 1377 2698 refert
1393 2664 1571 2697 Chronicon
1586 2659 1745 2697 Alexand-

301 2717 350 2740 ses
358 2706 374 2738 ἐι
388 2705 509 2748 quibus,
518 2706 602 2748 quod
613 2705 731 2747 aurigae
742 2705 879 2737 Castoris
889 2712 920 2738 et
933 2705 1005 2738 Pol·
1036 2706 1150 2740 riuum.

650 2768 672 2801 3
