1903 3076
558 186 672 230 LIB.
701 183 870 231 XLIII.
931 184 1061 227 CAP.
1082 181 1121 225 I.
1712 187 1791 223 313

158 341 1596 380 ..........-·-.-—---——-—--——--·—··--·-·

666 484 868 533 LIBER
902 483 1094 532 XLIII.

514 581 913 626 BREVIARIUM
945 581 1235 622 CAPITUM.

151 680 191 726 i·
223 678 390 724 Romani
407 677 559 735 imperii
584 674 713 718 initia.
776 674 893 716 Urbis
921 672 1042 728 origo.
1101 672 1233 714 Primi
1260 671 1393 714 Italiae
1422 674 1582 715 cultores

260 748 298 779 et
318 739 453 791 Reges.
759 746 761 749 ·

150 807 191 840 2.
223 798 335 839 Rhea
356 791 576 836 Numitoris
579 791 678 846 filia
699 791 859 833 Remum
878 799 914 830 et
930 790 1128 832 Romulum
1139 790 1272 847 parit,
1291 789 1358 844 qui
1369 788 1470 830 mirei
1487 792 1582 844 qua*-

263 856 353 895 dam
372 851 519 893 ratione
538 849 692 892 educati
706 858 911 902 emergunt.

149 922 189 955 3.
222 914 350 955 Roma
369 909 536 959 condita,
555 918 701 949 senatus
717 906 954 958 constitutus,
969 916 1094 961 raptae
1107 905 1276 956 Sabim,
1290 905 1413 946 vicini
1420 903 1581 946 subacti.

255 970 459 1012 Phocenses
475 965 682 1022 Tarquinii
698 964 923 1022 temporibus
939 963 1166 1006 Massiliam
1187 966 1362 1015 condunt,
1377 963 1585 1018 Liguribus

266 1025 531 1070 invidentibus.

146 1093 189 1129 4.
222 1085 348 1127 Varia
370 1081 670 1125 Massiliensium
686 1083 871 1137 sor-tutus,
891 1089 927 1120 et
941 1078 1080 1134 filices
1099 1095 1295 1121 successus.

148 1152 189 1189 5.
220 1141 522 1186 Massiliensium
542 1141 654 1186 bella,
675 1150 711 1180 et
725 1136 897 1194 soedeea.
947 1139 1162 1180 Eorundem
1177 1136 1428 1179 benevolentia
1448 1147 1482 1178 et
1501 1151 1583 1177 mu-

261 1201 304 1242 ni
332 1199 454 1242 centia
476 1200 516 1240 in
537 1200 740 1241 Romanos.

737 1312 938 1355 CAPUT
969 1311 1005 1353 Ι.

182 1392 185 1394 ,
256 1398 300 1440 A
312 1397 353 1439 R
369 1397 410 1438 T
426 1397 468 1438 H
481 1396 502 1437 I
517 1396 551 1437 C
570 1395 590 1437 Ῑ
609 1396 652 1445 S,
693 1394 1069 1450 Orientalibusque,
1118 1409 1164 1434 ac
1204 1394 1325 1435 totius
1361 1408 1579 1448 propemo-
1594 1397 1718 1428 Roman?
1737 1399 1791 1430 im·

297 1456 398 1497 dsun
430 1453 555 1495 Orbis
587 1456 709 1495 rebus
747 1453 961 1508 expeditis,
991 1454 1041 1493 ad
1080 1451 1198 1492 initia
1234 1452 1432 1494 Romanae
1465 1451 1578 1492 urbis
1588 1443 1793 1516 &Zizaim

145 1513 325 1571 Trogus,
359 1514 477 1555 velut
505 1521 594 1566 post
628 1513 793 1566 longam
827 1509 1214 1567 peregrinationem,
1244 1511 1576 1551 domum‘rever-
1593 1529 1692 1569 Reges.

144 1571 272 1622 titur3
303 1571 452 1628 ingrati
472 1570 574 1611 civis
595 1569 775 1611 officium
795 1569 1047 1620 existimans,
1076 1567 1110 1609 si
1140 1568 1237 1608 esim
1265 1568 1451 1609 omnium
1481 1584 1581 1624 gen-

145 1629 252 1670 tium
273 1645 337 1671 res
357 1638 490 1684 gestas
519 1627 798 1677 illustraverit,
828 1629 879 1668 de
914 1626 1001 1668 solit
1035 1625 1166 1680 patria
1192 1634 1336 1667 taceat.
1395 1626 1582 1667 Breviter

86 1692 91 1696 ’
144 1687 273 1742 igitur
292 1687 409 1729 initia
428 1686 606 1727 Romani
627 1684 788 1739 imperii
810 1683 1066 1739 perstringit:
1101 1694 1144 1724 ut
1160 1699 1232 1724 nec
1245 1685 1414 1724 modum
1433 1699 1582 1737 propo-

145 1746 214 1786 siti
235 1746 369 1798 operis
391 1747 574 1796 excedat,
587 1759 661 1784 nec
678 1743 818 1798 utique
840 1742 1040 1798 originem
1057 1743 1196 1793 Urbis,
1214 1757 1304 1797 quae
1321 1751 1379 1782 est
1390 1751 1509 1795 caput
1526 1750 1584 1782 to-

144 1803 225 1845 tius
236 1803 375 1854 Orbis,
388 1802 551 1844 silentio
563 1801 857 1856 praetermittat.
889 1800 1018 1841 Italiae
1031 1802 1203 1841 cultores
1218 1799 1340 1853 primi
1355 1804 1367 1820 ¹
1381 1799 1583 1856 Aborigi-

143 1875 215 1902 nes
231 1861 362 1913 fuere,
393 1867 407 1886 ²
421 1875 600 1916 quorum
620 1873 693 1900 rex
714 1860 909 1900 Saturnus
926 1867 1047 1900 tantae
1063 1858 1230 1912 justitiae
1250 1857 1378 1898 fuisse
1398 1858 1584 1907 traditur,

144 1922 161 1947 ³
171 1928 215 1965 ut
228 1934 359 1975 neque
371 1918 554 1960 servierit
561 1919 638 1960 sub
648 1918 723 1959 iuo
732 1917 961 1973 quisquam,
969 1932 1045 1971 neq
1051 1931 1101 1956 ue
1115 1915 1335 1976 quicquam
1343 1915 1511 1970 privatae
1522 1915 1582 1957 rei

684 2052 1062 2089 INTERPRETATIO.

235 2179 261 2206 3
286 2179 326 2212 Ut
339 2180 415 2212 itlius
430 2181 550 2222 tenpore
563 2177 655 2209 nultus
665 2176 767 2218 suerit
779 2183 890 2212 servus,
904 2182 931 2207 ee
943 2177 1034 2207 nullus
1048 2175 1177 2208 babuerit
1191 2175 1261 2208 bona
1273 2177 1329 2209 siba·
1343 2178 1478 2221 propria.

770 2274 965 2307 NOTAE.

189 2368 219 2397 1.
240 2364 332 2396 Abori
351 2364 432 2407 inm]
474 2365 547 2396 Hoc
576 2371 632 2401 est.
664 2363 850 2404 Αὓτὸχέόιες.
890 2373 982 2394 venas
995 2362 1031 2395 iis
1045 2363 1076 2394 in
1091 2363 1166 2396 locis
1178 2365 1310 2406 junctos,
1325 2365 1411 2408 quasi
1424 2365 1463 2398 ab
1474 2365 1591 2398 erroni·

147 2407 294 2448 Λῦτὸχθου
309 2407 318 2438 ἰ
342 2418 392 2438 em
410 2410 519 2439 Graece
534 2414 622 2438 sonat
636 2406 722 2448 quod
736 2406 850 2438 Latine
889 2405 956 2443 bus,
969 2408 1153 2449 Aberriginn
1167 2407 1218 2439 vel
1230 2409 1397 2451 Aborigines
1408 2408 1593 2441 dicerentur.

147 2450 276 2492 Aborigo
297 2457 330 2481 et
354 2452 503 2492 indigena.-
527 2449 613 2491 quod
642 2459 755 2480 nomen
780 2448 850 2479 huic
890 2450 962 2480 Non
979 2450 1089 2480 desunt
1105 2459 1208 2481 tamen
1223 2452 1276 2493 qui
1292 2451 1403 2483 malint
1424 2461 1487 2490 eos,
1508 2451 1559 2482 vel
1572 2451 1593 2482 ὲ

147 2491 236 2532 genti
252 2492 399 2530 inditum,
420 2492 506 2535 quod
521 2491 552 2522 in
568 2492 696 2534 regione
722 2490 775 2523 sui
797 2502 850 2533 ge·
888 2491 1082 2524 Chamaseno
1098 2494 1326 2534 AEgyptiorum
1342 2495 1485 2531 Saturno,
1494 2493 1544 2525 vel
1553 2493 1593 2524 ab

148 2532 244 2563 nuini
258 2532 364 2574 fuerit,
376 2535 463 2577 quasi
477 2534 591 2576 absque
607 2534 738 2576 origine,
752 2542 784 2565 et
798 2544 851 2565 ve·
888 2535 1050 2572 Oenotrio,
1064 2537 1217 2576 Lycaonis
1230 2536 1377 2568 Arcadiae
1400 2536 1498 2578 Regis
1518 2535 1596 2574 filio,

147 2574 208 2606 luti
223 2575 241 2606 ὲ
252 2575 336 2608 εει-τᾶ
344 2577 410 2608 nati
419 2585 526 2608 essent.
547 2578 651 2617 Quare
664 2576 853 2619 Aborigines
889 2577 919 2608 in
937 2577 1055 2608 ltaliam
1073 2578 1232 2610 abductos.

148 2624 240 2666 putat
255 2618 428 2661 Stephanus
442 2618 574 2662 populos
588 2618 683 2650 Italiae
694 2617 784 2650 fuisse
798 2629 852 2650 an·
931 2623 961 2651 2.
983 2621 1106 2660 Quorum
1132 2622 1197 2652 Rex
1222 2621 1386 2664 Saturnus]
1427 2620 1544 2653 Oceani
1558 2631 1595 2652 ac

148 2660 354 2708 uquissimos:
376 2661 427 2693 alii
442 2669 547 2694 tamen
563 2671 690 2692 errones
726 2661 853 2693 uosdam
888 2663 1032 2704 Tethyos
1058 2662 1149 2699 filius,
1179 2664 1233 2705 qui
1256 2665 1329 2695 esim
1343 2674 1384 2695 ex
1401 2663 1526 2695 oraculo
1546 2663 1595 2694 di-

147 2700 242 2746 fumse
256 2703 380 2745 volunt,
391 2711 424 2738 et
437 2704 544 2740 multis
559 2704 576 2735 ὃ
590 2703 709 2748 regioni
732 2715 769 2738 us
781 2714 853 2738 con·
867 2683 875 2752 Ι
888 2705 1009 2739 dicisset
1023 2704 1102 2745 fore,
1115 2713 1152 2738 ut
1166 2706 1185 2740 i
1202 2706 1274 2739 filfis
1287 2708 1400 2750 Regno
1414 2706 1593 2751 pelleretur)
