1903 3076
62 240 81 271 ...a

90 241 111 271 Ν

118 239 142 271 ίῦ

78 1352 98 1377 =',·'
109 1362 211 1379 “crum
228 1351 272 1378 lu-

881 227 1115 282 JUSTINI

277 309 502 351 exercitum
521 310 589 348 ¹¹ad
610 308 757 349 ‘'m-bem
776 324 920 350 eorum
939 310 1067 351 ducit.
1117 310 1254 366 Quam
1275 317 1473 365 pesertam
1493 306 1516 348 ὲ
1537 306 1722 349 defenso-

277 369 407 418 ribus,
429 368 524 407 csim
545 369 594 407 de
616 382 750 419 muro,
769 383 891 423 quem
911 368 1068 421 primus
1086 379 1260 421 ceperat,
1283 366 1662 416 animadvertisset,v
1679 366 1727 406 in

277 427 394 467 urbis
406 424 618 479 planitiem
633 425 717 466 sine
729 427 816 466 ullo
829 426 1004 466 satellite
1019 425 1186 467 desiliit.
1217 425 1362 481 Itaque
1376 426 1471 465 cum
1484 440 1580 465 eum
1591 426 1724 464 hostes

277 485 411 526 solum
429 483 748 536 conspexissent,
772 485 950 524 clamore
965 484 1088 533 edito,
1108 484 1290 539 undique
1306 494 1564 533 concurrunt,
1583 483 1615 523 si
1632 497 1728 536 pos-.

279 542 424 584 sintin
442 557 524 583 uno
544 542 676 594 capite
697 543 822 583 Orbis
850 543 961 583 bella
990 542 1121 593 finire,
1150 551 1191 583 et
1219 543 1420 583 ultionem
1448 547 1505 583 t'ot
1538 540 1729 596 gentibus

279 604 388 642 dare.
433 600 480 640 N
482 615 527 639 ec
549 600 686 640 minsis
710 602 948 641 Alexander
968 610 1192 641 constanter
1211 600 1372 652 restitit,
1398 609 1442 640 *et
1461 615 1566 641 unus
1585 601 1730 640 adver-

280 660 350 700 sus
371 668 431 699 tot
451 658 584 699 millia
607 659 830 712 praeliatur.
863 658 1113 700 Incredibile
1132 659 1244 699 dictu
1259 666 1334 709 est,
1354 667 1398 698 ut
1413 673 1508 698 eum
1524 673 1606 698 non
1621 658 1730 698 mul-

279 718 410 758 titudo
420 717 618 768 hostiurm
637 732 719 757 non
731 717 793 757 vis
811 731 959 772 magna
974 718 1167 767 telorum,
1187 732 1268 757 non
1286 727 1419 757 tantus
1440 715 1732 757 lacessentium

280 777 434 816 clamor
454 776 664 823 terruerit3
698 776 810 816 solus
842 783 902 815 tot
922 774 1053 815 millia
1082 774 1271 816 ceciderit
1296 790 1343 815 ac
1365 775 1584 830 fugaverit,
1645 773 1731 815 Ubi

281 834 379 875 vero
400 834 519 874 obrui
541 833 801 874 multitudine
822 848 863 874 se
885 833 1002 885 vidit,
1021 844 1161 874 trunco
1183 849 1238 884 se,
1260 834 1330 889 qui
1351 842 1438 874 tum
1459 843 1622 886 propter
1635 849 1730 874 mu-

281 908 375 933 rum
403 894 547 942 stabat,
574 891 790 945 applicuit,
811 891 926 945 cujus
945 892 1105 933 auxilio
1125 901 1248 943 tutus,
1269 891 1365 932 esim
1385 890 1457 931 diu
1478 897 1626 946 agmen
1645 906 1732 933 sus-

281 950 482 1001 tinuisset,
501 952 664 990 tandem
685 950 852 1004 cognito
874 950 1059 1002 periculo
1079 950 1183 1004 ejus,
1202 950 1323 990 amici
1341 952 1390 990 ad
1411 964 1507 990 eum
1526 949 1733 1000 desiliunt,

282 1024 335 1049 ex
356 1008 507 1062 quibus
527 1008 644 1049 multi
667 1009 783 1048 caesi:
817 1008 1092 1064 praeliumque
1113 1008 1272 1049 tamdiu
1291 1023 1441 1062 anceps
1470 1007 1568 1061 fuit,
1597 1010 1734 1064 quoad

282 1068 416 1108 omnis
446 1067 664 1116 exercitus,
696 1067 826 1108 muris
854 1066 1036 1119 dejectis,
1065 1069 1108 1107 in
1140 1066 1344 1108 auxilium
1372 1066 1544 1107 veniret.
1605 1067 1653 1107 In
1684 1081 1733 1106 eo

281 1125 425 1181 praelio
444 1125 592 1180 sagitta
612 1126 688 1165 sub
717 1125 898 1166 mamma
917 1125 1123 1178 trajectus,
1152 1140 1246 1166 cum
1266 1124 1473 1180 sanguinis
1503 1124 1616 1166 fluxu
1636 1125 1736 1166 defi-

283 1194 404 1234 ceret,
425 1198 532 1240 genu
551 1184 686 1236 posito
705 1183 878 1232 tamdiu
901 1183 1108 1235 praeliatus
1128 1186 1350 1234 est‚.donec
1370 1198 1481 1233 eum,
1503 1183 1526 1223 a
1541 1198 1623 1238 quo
1639 1185 1735 1224 vul-

283 1252 445 1283 neratus
466 1242 613 1293 fuerat,
635 1240 852 1282 occideret.
911 1244 928 1263 ²
947 1242 1117 1283 Curatio
1136 1242 1318 1284 vulneris
1347 1243 1510 1298 gravior
1531 1242 1622 1296 ipso
1642 1243 1736 1283 vul-

283 1317 378 1341 nere
401 1300 496 1341 fuit.

345 1358 474 1400 CAP.
490 1358 547 1398 X.
567 1357 713 1411 Itaque
726 1373 777 1398 ex
787 1358 934 1413 magn&
948 1358 1226 1411 desperatione
1239 1361 1400 1399 tandem
1415 1358 1737 1411 salutiredditus‚

207 1454 210 1458 Δ
226 1445 272 1466 ‚1
287 1418 612 1471 P·:·¹-ypei·chonta
625 1431 718 1456 cum
730 1418 914 1457 exercitu
927 1418 1196 1471 Babyloniam
1210 1417 1351 1458 mittit.
1373 1418 1481 1470 Ipse,
1491 1432 1584 1457 cum
1595 1417 1736 1458 lectis-

286 1478 391 1517 sima
401 1490 524 1515 manu
538 1474 712 1514 navibus
729 1477 971 1524 conscensis,
989 1476 1140 1516 Oceani
1155 1477 1289 1516 littora
1305 1485 1505 1529 peragrat.
1539 1475 1649 1516 Cum
1665 1490 1738 1514 ve-

285 1535 407 1575 nisset
421 1536 470 1573 ad
490 1535 634 1572 urbem
656 1534 899 1588 ³Ambigeri
919 1534 1043 1588 regis,
1065 1533 1256 1587 oppidani
1275 1533 1478 1573 invictum
1498 1534 1605 1573 ferro
1625 1532 1739 1574 audi-

287 1601 415 1635 entes„
437 1591 604 1645 sagittas
624 1605 783 1632 veneno
795 1601 964 1632 armant:
988 1596 1125 1647 “atque
1139 1592 1196 1631 ita
1209 1592 1374 1646 gemino
1391 1591 1535 1632 mortis
1555 1593 1740 1641 vulnere,

286 1653 445 1691 hostem
467 1650 489 1688 a
507 1650 635 1689 muris
656 1650 973 1700 summoverites‚
997 1649 1194 1703 plurimos
1210 1650 1471 1690 interficiunt.
1505 1649 1617 1690 Cum
1634 1649 1739 1690 inter

287 1711 440 1750 multos
454 1708 686 1748 vulneratus
702 1708 822 1748 etiam
845 1708 1091 1749 Ptolemaeus
1111 1720 1229 1759 esset,
1251 1707 1553 1762 moriturfisque
1566 1707 1740 1761 jamjam

288 1767 510 1815 videretur,
530 1780 600 1818 per
622 1766 803 1820 quietern
824 1767 909 1821 regi
934 1775 1156 1806 monstrata
1175 1767 1215 1805 in
1236 1766 1416 1806 remedia
1438 1767 1584 1806 veneni
1614 1767 1742 1805 herba

289 1834 365 1876 est,
386 1825 467 1880 qua
488 1824 525 1863 in
549 1833 646 1875 potu
663 1825 845 1877 accepta,
867 1824 1002 1865 statim
1023 1824 1204 1878 periculo
1225 1825 1419 1864 liberatus
1434 1833 1506 1873 est,
1526 1823 1740 1878 majorque

290 1898 382 1938 pars
396 1882 601 1922 exercitiis
620 1884 696 1922 hoc
713 1883 892 1924 remedio
907 1893 1078 1923 servata.
1111 1884 1358 1937 Expugnata
1377 1882 1520 1922 deinde
1539 1883 1656 1932 urbe,
1677 1896 1742 1921 re-

289 1956 431 1983 versus
450 1937 492 1982 in
512 1956 637 1983 naves
655 1941 839 1982 bOceano
857 1941 1082 1982 libamenta
1101 1942 1224 1993 dedit,
1243 1955 1484 1997 prosperum
1505 1940 1547 1980 in
1566 1939 1742 1993 patriam

832 2047 1213 2079 INTERPRETATIO.

333 2114 350 2134 ³
383 2113 500 2144 ,Multos
525 2114 648 2143 occidunt
674 2117 832 2142 avertentes
853 2111 956 2141 hostem
978 2110 996 2141 ἃ
1011 2110 1017 2128 ¹
1035 2113 1132 2141 mortis
1145 2112 1268 2151 gemine.

291 2161 392 2197 muris,
413 2158 475 2188 telis
491 2155 660 2194 venenatis,
678 2154 711 2185 in
733 2152 845 2197 quibus
866 2153 914 2184 vis
933 2162 996 2184 erat
1013 2135 1019 2186 l
1078 2154 1096 2180 b
1121 2154 1228 2184 Obtulit
1241 2151 1383 2196 sacrificia
1399 2153 1551 2195 Neptuno
1564 2153 1610 2184 deo
1628 2152 1743 2186 Oceani.

931 2251 1102 2282 NOTAE.

338 2326 365 2354 1.
384 2323 437 2353 Ad
449 2321 542 2352 urbem
556 2318 676 2362 eorum.]
709 2320 791 2349 Rem
807 2315 902 2360 paulo
917 2316 1005 2348 aliter
1039 2317 1062 2347 si
1074 2316 1267 2348 Macedones
1277 2314 1541 2358 patefact5,quam
1553 2314 1682 2357 quisque
1689 2325 1747 2356 po·

293 2360 399 2398 narrat
414 2364 576 2395 Arrianus.
625 2362 712 2393 Urbe
723 2361 842 2399 relicta,
857 2361 887 2390 in
902 2370 1005 2392 arcem
1040 2361 1110 2396 tuit,
1126 2359 1183 2395 vizi,
1203 2370 1311 2401 regem
1334 2360 1520 2397 exanimem,
1541 2358 1656 2399 sugatis
1669 2360 1746 2389 Bar-

295 2420 328 2440 se
344 2415 525 2450 receperant
541 2405 734 2446 Oxydracae3
757 2414 851 2444 quare
867 2402 1005 2434 Alexan·
1040 2402 1131 2439 baris,
1145 2403 1176 2433 in
1192 2413 1289 2433 castra
1304 2411 1392 2433 scuto
1406 2401 1590 2432 retulissent.

296 2454 364 2488 der,
386 2450 440 2481 ubi
462 2450 500 2479 ud
525 2459 626 2478 arcem
645 2456 773 2478 ventum
790 2454 847 2484 est,
869 2447 933 2486 ipse
951 2445 1004 2476 uni
1082 2450 1110 2476 2.
1129 2447 1245 2476 Curatio
1258 2447 1398 2483 vulneris,
1423 2443 1496 2486 &c.]
1541 2444 1624 2476 Cum
1647 2444 1748 2486 spicu-

295 2495 434 2525 militum
449 2500 570 2533 ereptas
584 2490 677 2521 scalas
691 2500 782 2519 muro
796 2488 931 2530 applicat
942 2489 1003 2530 pri·
1038 2488 1103 2519 lum
1121 2489 1240 2529 pectori
1255 2486 1384 2519 infixum
1394 2487 1561 2518 humatum
1574 2496 1663 2525 esset,
1676 2487 1748 2518 Cri-

296 2546 428 2578 musque
444 2534 629 2565 conscendit,
651 2533 711 2562 Sed
726 2533 801 2562 dum
819 2530 863 2561 illi
877 2531 1006 2562 celerius
1040 2531 1166 2562 tubulus
1195 2531 1341 2562 hortante
1372 2529 1563 2565 Alexandro,
1591 2528 1747 2570 patefacto

297 2578 529 2620 Argyraspides
545 2586 724 2607 succurrere
743 2574 884 2611 student3
900 2573 1006 2604 fractis
1040 2573 1131 2604 latins
1148 2573 1296 2610 vulnere„
1312 2572 1387 2604 illud
1403 2573 1534 2610 avulsit;
1555 2572 1636 2603 unde
1660 2580 1747 2605 tauta

297 2618 397 2654 niniio
413 2621 551 2663 pondere
561 2619 657 2655 scalis,
670 2618 701 2648 in
717 2626 833 2648 terram
845 2626 1004 2649 corruunt.
1040 2617 1086 2646 vis
1103 2617 1260 2657 sanguinis
1274 2615 1425 2651 manavit,
1440 2622 1474 2646 ut
1488 2623 1681 2657 premortuo
1691 2615 1748 2645 ha-

297 2664 479 2697 Alexander
503 2660 620 2693 interea
643 2662 673 2690 in
689 2670 792 2690 urcem
807 2659 932 2697 desiliit,
951 2659 1004 2690 ubi
1041 2658 1123 2690 bitus
1138 2659 1316 2700 aliquandiu
1330 2659 1435 2689 fuerit.

298 2706 476 2741 comitibus,
492 2716 568 2747 quos
577 2703 856 2739 habebunoccisus,
868 2713 964 2741 grave
974 2702 1004 2732 in
1081 2707 1111 2733 3.
1137 2704 1285 2743 Ambigeri
1306 2701 1410 2745 regis]
1452 2698 1579 2737 Arrian,
1603 2699 1750 2732 Ambisa-

322 2751 425 2780 ectore
436 2748 552 2787 accepit
569 2747 757 2786 vulnusque
769 2746 930 2775 iuscutum
943 2745 1003 2775 col·
1040 2745 1112 2780 rim,
1127 2745 1276 2776 Sambum
1290 2745 1423 2777 Diodor.
1464 2743 1644 2786 Ambyram
1667 2744 1749 2775 Oros

299 2761 412 2836 lapsus,
425 2792 455 2822 in
471 2791 609 2822 hostium
616 2788 1007 2831 ventssetpotestatennni-
1041 2794 1141 2819 vocat.
