<?xml version="1.0" encoding="UTF-8"?>
<!DOCTYPE html PUBLIC "-//W3C//DTD XHTML 1.0 Transitional//EN"
    "http://www.w3.org/TR/xhtml1/DTD/xhtml1-transitional.dtd">
<html xmlns="http://www.w3.org/1999/xhtml" xml:lang="en" lang="en">
 <head>
  <title>
</title>
<meta http-equiv="Content-Type" content="text/html;charset=utf-8" />
  <meta name='ocr-system' content='tesseract 3.04.00' />
  <meta name='ocr-capabilities' content='ocr_page ocr_carea ocr_par ocr_line ocrx_word'/>
</head>
<body>
  <div class='ocr_page' id='page_1' title='image "./dehistoriisphili00just_0062.png"; bbox 0 0 1903 3076; ppageno 0'>
   <div class='ocr_carea' id='block_1_1' title="bbox 88 154 1160 204">
    <p class='ocr_par' dir='ltr' id='par_1_1' title="bbox 88 154 1160 204">
     <span class='ocr_line' id='line_1_1' title="bbox 88 154 1160 204; baseline -0.005 -2"><span class='ocrx_word' id='word_1_1' title='bbox 88 170 139 204; x_wconf 75' lang='lat'><strong>40</strong></span> <span class='ocrx_word' id='word_1_2' title='bbox 933 154 1160 198; x_wconf 81' lang='lat' dir='ltr'>JUST1N1</span> 
     </span>
    </p>
   </div>
   <div class='ocr_carea' id='block_1_2' title="bbox 70 231 1750 821">
    <p class='ocr_par' dir='ltr' id='par_1_2' title="bbox 91 231 1739 288">
     <span class='ocr_line' id='line_1_2' title="bbox 91 231 1739 288; baseline -0.006 -4"><span class='ocrx_word' id='word_1_3' title='bbox 91 253 134 284; x_wconf 83' lang='lat' dir='ltr'><strong>A.</strong></span> <span class='ocrx_word' id='word_1_4' title='bbox 145 236 452 286; x_wconf 73' lang='lat' dir='ltr'><strong>M.3581.eundo,</strong></span> <span class='ocrx_word' id='word_1_5' title='bbox 471 234 595 276; x_wconf 89' lang='lat' dir='ltr'><strong>simul</strong></span> <span class='ocrx_word' id='word_1_6' title='bbox 616 243 653 275; x_wconf 83' lang='lat' dir='ltr'><strong>et</strong></span> <span class='ocrx_word' id='word_1_7' title='bbox 672 232 713 274; x_wconf 90' lang='lat' dir='ltr'><strong>in</strong></span> <span class='ocrx_word' id='word_1_8' title='bbox 733 248 819 274; x_wconf 85' lang='lat' dir='ltr'><strong>rem</strong></span> <span class='ocrx_word' id='word_1_9' title='bbox 850 234 1047 288; x_wconf 83' lang='lat' dir='ltr'>sapienter</span> <span class='ocrx_word' id='word_1_10' title='bbox 1069 233 1330 284; x_wconf 86' lang='lat' dir='ltr'><strong>consulendo,</strong></span> <span class='ocrx_word' id='word_1_11' title='bbox 1350 232 1589 286; x_wconf 85' lang='lat' dir='ltr'><strong>proditionis</strong></span> <span class='ocrx_word' id='word_1_12' title='bbox 1607 231 1739 275; x_wconf 64' lang='lat' dir='ltr'><strong>consi.</strong></span> 
     </span>
    </p>

    <p class='ocr_par' dir='ltr' id='par_1_3' title="bbox 93 290 1739 346">
     <span class='ocr_line' id='line_1_3' title="bbox 93 290 1739 346; baseline -0.001 -12"><span class='ocrx_word' id='word_1_13' title='bbox 93 293 148 325; x_wconf 75' lang='lat'><strong>0¹·</strong></span> <span class='ocrx_word' id='word_1_14' title='bbox 164 297 215 325; x_wconf 80' lang='lat'><strong>76·</strong></span> <span class='ocrx_word' id='word_1_15' title='bbox 228 296 257 321; x_wconf 85' lang='lat'><strong>4·</strong></span> <span class='ocrx_word' id='word_1_16' title='bbox 303 294 360 334; x_wconf 79' lang='lat' dir='ltr'><strong>lia</strong></span> <span class='ocrx_word' id='word_1_17' title='bbox 379 293 579 334; x_wconf 83' lang='lat' dir='ltr'><strong>discussit.</strong></span> <span class='ocrx_word' id='word_1_18' title='bbox 639 293 732 333; x_wconf 91' lang='lat' dir='ltr'><strong>Nec</strong></span> <span class='ocrx_word' id='word_1_19' title='bbox 755 293 883 346; x_wconf 75' lang='lat' dir='ltr'><strong>multo</strong></span> <span class='ocrx_word' id='word_1_20' title='bbox 900 301 1005 346; x_wconf 84' lang='lat' dir='ltr'><strong>post,</strong></span> <span class='ocrx_word' id='word_1_21' title='bbox 1023 302 1231 333; x_wconf 82' lang='lat' dir='ltr'><strong>accusatus</strong></span> <span class='ocrx_word' id='word_1_22' title='bbox 1246 290 1465 332; x_wconf 84' lang='lat' dir='ltr'><strong>Pausanias</strong></span> <span class='ocrx_word' id='word_1_23' title='bbox 1486 295 1499 311; x_wconf 85' lang='lat'><em>¹</em></span> <span class='ocrx_word' id='word_1_24' title='bbox 1514 293 1739 332; x_wconf 85' lang='lat' dir='ltr'><strong>damnatur.</strong></span> 
     </span>
    </p>

    <p class='ocr_par' dir='ltr' id='par_1_4' title="bbox 70 335 1745 519">
     <span class='ocr_line' id='line_1_4' title="bbox 70 335 1743 411; baseline -0.002 -19"><span class='ocrx_word' id='word_1_25' title='bbox 70 395 72 403; x_wconf 50' lang='grc'>,</span> <span class='ocrx_word' id='word_1_26' title='bbox 95 335 292 411; x_wconf 40' lang='grc' dir='ltr'><strong>ῌξῗὲΗΞξΫ</strong></span> <span class='ocrx_word' id='word_1_27' title='bbox 307 351 438 406; x_wconf 81' lang='lat' dir='ltr'><strong>Igitur</strong></span> <span class='ocrx_word' id='word_1_28' title='bbox 460 351 636 400; x_wconf 80' lang='lat' dir='ltr'><strong>Xerxes,</strong></span> <span class='ocrx_word' id='word_1_29' title='bbox 673 350 768 390; x_wconf 73' lang='lat' dir='ltr'><strong>cum</strong></span> <span class='ocrx_word' id='word_1_30' title='bbox 790 349 1030 403; x_wconf 74' lang='lat' dir='ltr'><strong>proditionis</strong></span> <span class='ocrx_word' id='word_1_31' title='bbox 1051 350 1191 390; x_wconf 89' lang='lat' dir='ltr'><strong>dolum</strong></span> <span class='ocrx_word' id='word_1_32' title='bbox 1211 348 1465 402; x_wconf 85' lang='lat' dir='ltr'><strong>publicatum</strong></span> <span class='ocrx_word' id='word_1_33' title='bbox 1487 348 1665 400; x_wconf 72' lang='lat' dir='ltr'><strong>videret,</strong></span> <span class='ocrx_word' id='word_1_34' title='bbox 1689 363 1743 389; x_wconf 82' lang='lat' dir='ltr'><strong>ex</strong></span> 
     </span>
     <span class='ocr_line' id='line_1_5' title="bbox 166 399 1745 464; baseline -0.001 -15"><span class='ocrx_word' id='word_1_35' title='bbox 166 402 171 408; x_wconf 40' lang='lat'>³</span> <span class='ocrx_word' id='word_1_36' title='bbox 201 401 210 421; x_wconf 34' lang='grc' dir='ltr'><em>Γ</em></span> <span class='ocrx_word' id='word_1_37' title='bbox 284 399 463 464; x_wconf 57' lang='lat' dir='ltr'><strong>&#39;integro</strong></span> <span class='ocrx_word' id='word_1_38' title='bbox 479 409 638 448; x_wconf 85' lang='lat' dir='ltr'><strong>bellum</strong></span> <span class='ocrx_word' id='word_1_39' title='bbox 654 407 827 448; x_wconf 86' lang='lat' dir='ltr'><strong>instruit.</strong></span> <span class='ocrx_word' id='word_1_40' title='bbox 859 408 999 448; x_wconf 87' lang='lat' dir='ltr'><strong>Graeci</strong></span> <span class='ocrx_word' id='word_1_41' title='bbox 1020 422 1183 461; x_wconf 88' lang='lat' dir='ltr'><strong>quoque</strong></span> <span class='ocrx_word' id='word_1_42' title='bbox 1204 409 1350 448; x_wconf 89' lang='lat' dir='ltr'><strong>ducem</strong></span> <span class='ocrx_word' id='word_1_43' title='bbox 1369 406 1618 448; x_wconf 83' lang='lat' dir='ltr'><strong>constituunt</strong></span> <span class='ocrx_word' id='word_1_44' title='bbox 1638 412 1654 430; x_wconf 82' lang='lat'>²</span> <span class='ocrx_word' id='word_1_45' title='bbox 1673 406 1745 447; x_wconf 85' lang='lat' dir='ltr'><strong>Ci-</strong></span> 
     </span>
     <span class='ocr_line' id='line_1_6' title="bbox 307 464 1745 519; baseline -0.001 -13"><span class='ocrx_word' id='word_1_46' title='bbox 307 482 470 506; x_wconf 86' lang='lat' dir='ltr'><strong>monem</strong></span> <span class='ocrx_word' id='word_1_47' title='bbox 493 466 803 515; x_wconf 83' lang='lat' dir='ltr'><strong>Atheniensem,</strong></span> <span class='ocrx_word' id='word_1_48' title='bbox 824 465 958 505; x_wconf 85' lang='lat' dir='ltr'><strong>filium</strong></span> <span class='ocrx_word' id='word_1_49' title='bbox 979 464 1201 515; x_wconf 83' lang='lat' dir='ltr'><strong>Miltiadis,</strong></span> <span class='ocrx_word' id='word_1_50' title='bbox 1238 480 1319 519; x_wconf 87' lang='lat' dir='ltr'><strong>quo</strong></span> <span class='ocrx_word' id='word_1_51' title='bbox 1353 467 1455 505; x_wconf 87' lang='lat' dir='ltr'><strong>duce</strong></span> <span class='ocrx_word' id='word_1_52' title='bbox 1475 467 1582 518; x_wconf 88' lang='lat' dir='ltr'><strong>apud</strong></span> <span class='ocrx_word' id='word_1_53' title='bbox 1603 464 1745 505; x_wconf 84' lang='lat' dir='ltr'><strong>Mara-</strong></span> 
     </span>
    </p>

    <p class='ocr_par' dir='ltr' id='par_1_5' title="bbox 308 522 1746 578">
     <span class='ocr_line' id='line_1_7' title="bbox 308 522 1746 578; baseline -0.001 -14"><span class='ocrx_word' id='word_1_54' title='bbox 308 526 472 564; x_wconf 86' lang='lat' dir='ltr'><strong>thonem</strong></span> <span class='ocrx_word' id='word_1_55' title='bbox 494 533 719 578; x_wconf 86' lang='lat' dir='ltr'><strong>pugnatum</strong></span> <span class='ocrx_word' id='word_1_56' title='bbox 741 532 814 574; x_wconf 86' lang='lat' dir='ltr'><strong>est,</strong></span> <span class='ocrx_word' id='word_1_57' title='bbox 829 524 1039 576; x_wconf 87' lang='lat' dir='ltr'><strong>juvenem,</strong></span> <span class='ocrx_word' id='word_1_58' title='bbox 1070 522 1187 575; x_wconf 88' lang='lat' dir='ltr'><strong>cujus</strong></span> <span class='ocrx_word' id='word_1_59' title='bbox 1216 522 1543 577; x_wconf 83' lang='lat' dir='ltr'><strong>magnitudinem</strong></span> <span class='ocrx_word' id='word_1_60' title='bbox 1563 523 1746 563; x_wconf 83' lang='lat' dir='ltr'><strong>futuram</strong></span> 
     </span>
    </p>

    <p class='ocr_par' dir='ltr' id='par_1_6' title="bbox 100 579 1750 821">
     <span class='ocr_line' id='line_1_8' title="bbox 100 579 1746 652; baseline 0 -32"><span class='ocrx_word' id='word_1_61' title='bbox 100 622 132 652; x_wconf 75' lang='lat' dir='ltr'>A</span> <span class='ocrx_word' id='word_1_62' title='bbox 147 620 189 650; x_wconf 81' lang='grc' dir='ltr'><strong>Μ</strong></span> <span class='ocrx_word' id='word_1_63' title='bbox 207 621 226 647; x_wconf 40' lang='grc' dir='ltr'><strong>ς</strong></span> <span class='ocrx_word' id='word_1_64' title='bbox 228 620 266 648; x_wconf 79' lang='lat'><strong>58</strong></span> <span class='ocrx_word' id='word_1_65' title='bbox 270 618 290 645; x_wconf 85' lang='lat'>4</span> <span class='ocrx_word' id='word_1_66' title='bbox 310 581 470 634; x_wconf 77' lang='lat' dir='ltr'><strong>pietatis</strong></span> <span class='ocrx_word' id='word_1_67' title='bbox 488 584 731 621; x_wconf 82' lang='lat' dir='ltr'><strong>documenta</strong></span> <span class='ocrx_word' id='word_1_68' title='bbox 752 581 1025 634; x_wconf 67' lang='lat' dir='ltr'><strong>prodiderunt.</strong></span> <span class='ocrx_word' id='word_1_69' title='bbox 1078 580 1241 634; x_wconf 65' lang='lat' dir='ltr'><strong>Quippe</strong></span> <span class='ocrx_word' id='word_1_70' title='bbox 1261 588 1420 633; x_wconf 86' lang='lat' dir='ltr'><strong>patrem</strong></span> <span class='ocrx_word' id='word_1_71' title='bbox 1436 582 1487 620; x_wconf 91' lang='lat' dir='ltr'><strong>ob</strong></span> <span class='ocrx_word' id='word_1_72' title='bbox 1504 579 1658 621; x_wconf 87' lang='lat' dir='ltr'><strong>crimen</strong></span> <span class='ocrx_word' id='word_1_73' title='bbox 1674 595 1746 633; x_wconf 88' lang='lat' dir='ltr'><strong>pe-</strong></span> 
     </span>
     <span class='ocr_line' id='line_1_9' title="bbox 102 637 1749 694; baseline -0.001 -15"><span class='ocrx_word' id='word_1_74' title='bbox 102 644 155 694; x_wconf 41' lang='grc' dir='ltr'><strong>Οἰ-</strong></span> <span class='ocrx_word' id='word_1_75' title='bbox 173 641 222 692; x_wconf 67' lang='lat' dir='ltr'><strong>7i.</strong></span> <span class='ocrx_word' id='word_1_76' title='bbox 245 663 275 689; x_wconf 62' lang='lat'><strong>3,</strong></span> <span class='ocrx_word' id='word_1_77' title='bbox 293 637 470 679; x_wconf 70' lang='lat' dir='ltr'><strong>&#39;culatfis</strong></span> <span class='ocrx_word' id='word_1_78' title='bbox 490 639 530 678; x_wconf 87' lang='lat' dir='ltr'><strong>in</strong></span> <span class='ocrx_word' id='word_1_79' title='bbox 550 653 751 679; x_wconf 80' lang='lat' dir='ltr'><strong>carcerem</strong></span> <span class='ocrx_word' id='word_1_80' title='bbox 772 639 1017 692; x_wconf 83' lang='lat' dir='ltr'><strong>conjectum,</strong></span> <span class='ocrx_word' id='word_1_81' title='bbox 1038 646 1053 663; x_wconf 70' lang='lat'><strong>³</strong></span> <span class='ocrx_word' id='word_1_82' title='bbox 1066 638 1205 692; x_wconf 88' lang='lat' dir='ltr'><strong>ibique</strong></span> <span class='ocrx_word' id='word_1_83' title='bbox 1222 638 1472 689; x_wconf 82' lang='lat' dir='ltr'><strong>defunctum,</strong></span> <span class='ocrx_word' id='word_1_84' title='bbox 1487 637 1688 678; x_wconf 83' lang='lat' dir='ltr'><strong>translatis</strong></span> <span class='ocrx_word' id='word_1_85' title='bbox 1704 638 1749 678; x_wconf 87' lang='lat' dir='ltr'><strong>in</strong></span> 
     </span>
     <span class='ocr_line' id='line_1_10' title="bbox 102 694 1749 749; baseline -0.001 -13"><span class='ocrx_word' id='word_1_86' title='bbox 102 705 297 736; x_wconf 77' lang='lat' dir='ltr'><strong>Urb.C.283.</strong></span> <span class='ocrx_word' id='word_1_87' title='bbox 314 713 356 737; x_wconf 87' lang='lat' dir='ltr'><strong>se</strong></span> <span class='ocrx_word' id='word_1_88' title='bbox 377 697 568 747; x_wconf 76' lang='lat' dir='ltr'><strong>vinculis,</strong></span> <span class='ocrx_word' id='word_1_89' title='bbox 584 699 632 737; x_wconf 85' lang='lat' dir='ltr'><strong>ad</strong></span> <span class='ocrx_word' id='word_1_90' title='bbox 649 698 895 749; x_wconf 75' lang='lat' dir='ltr'><strong>sepulturam</strong></span> <span class='ocrx_word' id='word_1_91' title='bbox 907 695 1089 736; x_wconf 87' lang='lat' dir='ltr'><strong>redemit.</strong></span> <span class='ocrx_word' id='word_1_92' title='bbox 1138 696 1230 735; x_wconf 90' lang='lat' dir='ltr'><strong>Nec</strong></span> <span class='ocrx_word' id='word_1_93' title='bbox 1245 697 1286 734; x_wconf 89' lang='lat' dir='ltr'><strong>in</strong></span> <span class='ocrx_word' id='word_1_94' title='bbox 1299 695 1409 736; x_wconf 88' lang='lat' dir='ltr'><strong>bello</strong></span> <span class='ocrx_word' id='word_1_95' title='bbox 1427 695 1630 749; x_wconf 87' lang='lat' dir='ltr'><strong>judicium</strong></span> <span class='ocrx_word' id='word_1_96' title='bbox 1644 694 1749 735; x_wconf 87' lang='lat' dir='ltr'><strong>deli-</strong></span> 
     </span>
     <span class='ocr_line' id='line_1_11' title="bbox 103 746 1750 821; baseline -0.002 -26"><span class='ocrx_word' id='word_1_97' title='bbox 103 746 499 821; x_wconf 35' lang='lat' dir='ltr'><strong>ssnfficssssggtgentium</strong></span> <span class='ocrx_word' id='word_1_98' title='bbox 520 755 667 795; x_wconf 79' lang='lat' dir='ltr'><strong>fefellit</strong></span> <span class='ocrx_word' id='word_1_99' title='bbox 684 771 691 793; x_wconf 92' lang='lat'>:</span> <span class='ocrx_word' id='word_1_100' title='bbox 727 754 931 808; x_wconf 83' lang='lat' dir='ltr'><strong>siquidem</strong></span> <span class='ocrx_word' id='word_1_101' title='bbox 952 769 1032 794; x_wconf 90' lang='lat' dir='ltr'><strong>non</strong></span> <span class='ocrx_word' id='word_1_102' title='bbox 1052 752 1221 793; x_wconf 88' lang='lat' dir='ltr'><strong>inferior</strong></span> <span class='ocrx_word' id='word_1_103' title='bbox 1239 751 1459 793; x_wconf 80' lang='lat' dir='ltr'><strong>virtutibus</strong></span> <span class='ocrx_word' id='word_1_104' title='bbox 1479 752 1621 806; x_wconf 88' lang='lat' dir='ltr'><strong>patris,</strong></span> <span class='ocrx_word' id='word_1_105' title='bbox 1638 753 1750 793; x_wconf 88' lang='lat' dir='ltr'><strong>Xer-</strong></span> 
     </span>
    </p>
   </div>
   <div class='ocr_carea' id='block_1_3' title="bbox 101 810 1749 867">
    <p class='ocr_par' dir='ltr' id='par_1_7' title="bbox 101 810 1749 867">
     <span class='ocr_line' id='line_1_12' title="bbox 101 810 1749 867; baseline -0.001 -14"><span class='ocrx_word' id='word_1_106' title='bbox 101 832 154 864; x_wconf 50' lang='lat'><strong>01·</strong></span> <span class='ocrx_word' id='word_1_107' title='bbox 168 835 219 863; x_wconf 88' lang='lat'><strong>79.</strong></span> <span class='ocrx_word' id='word_1_108' title='bbox 236 833 262 858; x_wconf 86' lang='lat'><strong>1,</strong></span> <span class='ocrx_word' id='word_1_109' title='bbox 315 828 411 853; x_wconf 81' lang='lat' dir='ltr'><strong>xem</strong></span> <span class='ocrx_word' id='word_1_110' title='bbox 432 820 444 843; x_wconf 80' lang='lat'><em>3</em></span> <span class='ocrx_word' id='word_1_111' title='bbox 460 811 635 853; x_wconf 77' lang='lat' dir='ltr'><strong>terrestri</strong></span> <span class='ocrx_word' id='word_1_112' title='bbox 655 813 871 867; x_wconf 84' lang='lat' dir='ltr'><strong>navalique</strong></span> <span class='ocrx_word' id='word_1_113' title='bbox 893 813 1001 852; x_wconf 92' lang='lat' dir='ltr'><strong>bello</strong></span> <span class='ocrx_word' id='word_1_114' title='bbox 1022 820 1268 864; x_wconf 87' lang='lat' dir='ltr'><strong>superatum,</strong></span> <span class='ocrx_word' id='word_1_115' title='bbox 1285 810 1491 865; x_wconf 86' lang='lat' dir='ltr'><strong>trepidum</strong></span> <span class='ocrx_word' id='word_1_116' title='bbox 1507 810 1686 865; x_wconf 87' lang='lat' dir='ltr'><strong>recipere</strong></span> <span class='ocrx_word' id='word_1_117' title='bbox 1706 825 1749 852; x_wconf 81' lang='lat' dir='ltr'><strong>se</strong></span> 
     </span>
    </p>
   </div>
   <div class='ocr_carea' id='block_1_4' title="bbox 100 870 718 951">
    <p class='ocr_par' dir='ltr' id='par_1_8' title="bbox 100 870 718 951">
     <span class='ocr_line' id='line_1_13' title="bbox 100 870 718 926; baseline 0 -16"><span class='ocrx_word' id='word_1_118' title='bbox 100 873 222 906; x_wconf 83' lang='lat' dir='ltr'><strong>Urb-C·</strong></span> <span class='ocrx_word' id='word_1_119' title='bbox 233 874 303 902; x_wconf 76' lang='lat'><strong>289·</strong></span> <span class='ocrx_word' id='word_1_120' title='bbox 316 871 356 911; x_wconf 88' lang='lat' dir='ltr'><strong>in</strong></span> <span class='ocrx_word' id='word_1_121' title='bbox 378 886 550 926; x_wconf 81' lang='lat' dir='ltr'><strong>regnum</strong></span> <span class='ocrx_word' id='word_1_122' title='bbox 571 870 718 925; x_wconf 68' lang='lat' dir='ltr'><strong>coegit.</strong></span> 
     </span>
     <span class='ocr_line' id='line_1_14' title="bbox 100 917 299 951; baseline -0.035 0"><span class='ocrx_word' id='word_1_123' title='bbox 100 917 218 951; x_wconf 60' lang='lat' dir='ltr'><strong>Anne.</strong></span> <span class='ocrx_word' id='word_1_124' title='bbox 228 918 299 946; x_wconf 73' lang='lat'><strong>462.</strong></span> 
     </span>
    </p>
   </div>
   <div class='ocr_carea' id='block_1_5' title="bbox 847 960 1224 992">
    <p class='ocr_par' dir='ltr' id='par_1_9' title="bbox 847 960 1224 992">
     <span class='ocr_line' id='line_1_15' title="bbox 847 960 1224 992; baseline 0.005 -2"><span class='ocrx_word' id='word_1_125' title='bbox 847 960 1224 992; x_wconf 85' lang='lat' dir='ltr'>INTERPRETATIO.</span> 
     </span>
    </p>
   </div>
   <div class='ocr_carea' id='block_1_6' title="bbox 357 1036 1761 1079">
    <p class='ocr_par' dir='ltr' id='par_1_10' title="bbox 357 1036 1761 1079">
     <span class='ocr_line' id='line_1_16' title="bbox 357 1036 1761 1079; baseline 0 -10"><span class='ocrx_word' id='word_1_126' title='bbox 357 1038 373 1059; x_wconf 70' lang='lat' dir='ltr'><strong>a</strong></span> <span class='ocrx_word' id='word_1_127' title='bbox 392 1039 429 1069; x_wconf 82' lang='lat' dir='ltr'><strong>In</strong></span> <span class='ocrx_word' id='word_1_128' title='bbox 445 1051 555 1070; x_wconf 77' lang='lat' dir='ltr'><strong>carcerc</strong></span> <span class='ocrx_word' id='word_1_129' title='bbox 569 1045 705 1069; x_wconf 81' lang='lat' dir='ltr'><strong>mortuum</strong></span> <span class='ocrx_word' id='word_1_130' title='bbox 722 1038 846 1074; x_wconf 74' lang='lat' dir='ltr'><strong>redemit,</strong></span> <span class='ocrx_word' id='word_1_131' title='bbox 860 1043 890 1068; x_wconf 85' lang='lat' dir='ltr'><strong>ut</strong></span> <span class='ocrx_word' id='word_1_132' title='bbox 904 1049 963 1068; x_wconf 82' lang='lat' dir='ltr'><strong>eum</strong></span> <span class='ocrx_word' id='word_1_133' title='bbox 977 1038 1117 1079; x_wconf 76' lang='lat' dir='ltr'><strong>sepeliret,</strong></span> <span class='ocrx_word' id='word_1_134' title='bbox 1131 1036 1165 1068; x_wconf 66' lang='lat' dir='ltr'><strong>ea</strong></span> <span class='ocrx_word' id='word_1_135' title='bbox 1180 1036 1262 1079; x_wconf 85' lang='lat' dir='ltr'><strong>lege,</strong></span> <span class='ocrx_word' id='word_1_136' title='bbox 1276 1043 1306 1068; x_wconf 81' lang='lat' dir='ltr'><strong>ut</strong></span> <span class='ocrx_word' id='word_1_137' title='bbox 1318 1036 1382 1079; x_wconf 86' lang='lat' dir='ltr'><strong>ipse</strong></span> <span class='ocrx_word' id='word_1_138' title='bbox 1396 1038 1425 1068; x_wconf 81' lang='lat' dir='ltr'><strong>in</strong></span> <span class='ocrx_word' id='word_1_139' title='bbox 1441 1037 1560 1068; x_wconf 69' lang='lat' dir='ltr'><strong>vinculis</strong></span> <span class='ocrx_word' id='word_1_140' title='bbox 1576 1044 1708 1069; x_wconf 69' lang='lat' dir='ltr'><strong>maneret.</strong></span> <span class='ocrx_word' id='word_1_141' title='bbox 1754 1072 1761 1079; x_wconf 32' lang='lat' dir='ltr'><em>d</em></span> 
     </span>
    </p>
   </div>
   <div class='ocr_carea' id='block_1_7' title="bbox 939 1138 1126 1169">
    <p class='ocr_par' dir='ltr' id='par_1_11' title="bbox 939 1138 1126 1169">
     <span class='ocr_line' id='line_1_17' title="bbox 939 1138 1126 1169; baseline 0.005 -1"><span class='ocrx_word' id='word_1_142' title='bbox 939 1138 1126 1169; x_wconf 82' lang='lat' dir='ltr'><strong><em>NOTAE.</em></strong></span> 
     </span>
    </p>
   </div>
   <div class='ocr_carea' id='block_1_8' title="bbox 312 1213 1018 1758">
    <p class='ocr_par' dir='ltr' id='par_1_12' title="bbox 312 1213 1016 1375">
     <span class='ocr_line' id='line_1_18' title="bbox 312 1213 1014 1252; baseline -0.004 -5"><span class='ocrx_word' id='word_1_143' title='bbox 312 1215 373 1248; x_wconf 89' lang='lat' dir='ltr'><strong>cles</strong></span> <span class='ocrx_word' id='word_1_144' title='bbox 387 1215 495 1247; x_wconf 86' lang='lat' dir='ltr'><strong>decem</strong></span> <span class='ocrx_word' id='word_1_145' title='bbox 507 1224 659 1248; x_wconf 84' lang='lat' dir='ltr'><strong>annorum</strong></span> <span class='ocrx_word' id='word_1_146' title='bbox 676 1214 766 1245; x_wconf 83' lang='lat' dir='ltr'><strong>exilio</strong></span> <span class='ocrx_word' id='word_1_147' title='bbox 778 1213 940 1245; x_wconf 87' lang='lat' dir='ltr'><strong>muletavit</strong></span> <span class='ocrx_word' id='word_1_148' title='bbox 953 1226 961 1252; x_wconf 91' lang='lat'>;</span> <span class='ocrx_word' id='word_1_149' title='bbox 984 1213 1014 1245; x_wconf 88' lang='lat' dir='ltr'><strong>in</strong></span> 
     </span>
     <span class='ocr_line' id='line_1_19' title="bbox 312 1257 1016 1301; baseline -0.001 -12"><span class='ocrx_word' id='word_1_150' title='bbox 312 1259 349 1289; x_wconf 62' lang='lat' dir='ltr'><strong>ed</strong></span> <span class='ocrx_word' id='word_1_151' title='bbox 364 1266 500 1301; x_wconf 80' lang='lat' dir='ltr'><strong>egestate</strong></span> <span class='ocrx_word' id='word_1_152' title='bbox 513 1257 602 1294; x_wconf 87' lang='lat' dir='ltr'><strong>obiit,</strong></span> <span class='ocrx_word' id='word_1_153' title='bbox 623 1267 657 1288; x_wconf 82' lang='lat' dir='ltr'><strong>ut</strong></span> <span class='ocrx_word' id='word_1_154' title='bbox 680 1258 732 1288; x_wconf 80' lang='lat' dir='ltr'><strong>vix</strong></span> <span class='ocrx_word' id='word_1_155' title='bbox 752 1257 908 1288; x_wconf 83' lang='lat' dir='ltr'><strong>tantillum</strong></span> <span class='ocrx_word' id='word_1_156' title='bbox 924 1267 1016 1298; x_wconf 82' lang='lat' dir='ltr'><strong>pecu-</strong></span> 
     </span>
     <span class='ocr_line' id='line_1_20' title="bbox 313 1299 1014 1343; baseline -0.003 -11"><span class='ocrx_word' id='word_1_157' title='bbox 313 1303 388 1339; x_wconf 81' lang='lat' dir='ltr'><strong>niae,</strong></span> <span class='ocrx_word' id='word_1_158' title='bbox 416 1300 502 1343; x_wconf 72' lang='lat' dir='ltr'><strong>quod</strong></span> <span class='ocrx_word' id='word_1_159' title='bbox 516 1299 737 1343; x_wconf 82' lang='lat' dir='ltr'><strong>vespillonibus</strong></span> <span class='ocrx_word' id='word_1_160' title='bbox 752 1299 888 1337; x_wconf 80' lang='lat' dir='ltr'><strong>daretur,</strong></span> <span class='ocrx_word' id='word_1_161' title='bbox 908 1299 1014 1330; x_wconf 88' lang='lat' dir='ltr'><strong>inven-</strong></span> 
     </span>
     <span class='ocr_line' id='line_1_21' title="bbox 315 1351 446 1375; baseline 0 0"><span class='ocrx_word' id='word_1_162' title='bbox 315 1351 384 1375; x_wconf 83' lang='lat' dir='ltr'><strong>tum</strong></span> <span class='ocrx_word' id='word_1_163' title='bbox 399 1352 446 1375; x_wconf 77' lang='lat' dir='ltr'><strong>sit.</strong></span> 
     </span>
    </p>

    <p class='ocr_par' dir='ltr' id='par_1_13' title="bbox 313 1384 1018 1684">
     <span class='ocr_line' id='line_1_22' title="bbox 360 1384 1016 1428; baseline -0.002 -12"><span class='ocrx_word' id='word_1_164' title='bbox 360 1391 386 1417; x_wconf 88' lang='lat' dir='ltr'><strong>l.</strong></span> <span class='ocrx_word' id='word_1_165' title='bbox 404 1385 597 1428; x_wconf 82' lang='lat' dir='ltr'><strong>Damnatur.]</strong></span> <span class='ocrx_word' id='word_1_166' title='bbox 634 1387 777 1427; x_wconf 82' lang='lat' dir='ltr'><strong>Spartam</strong></span> <span class='ocrx_word' id='word_1_167' title='bbox 791 1392 963 1423; x_wconf 84' lang='lat' dir='ltr'><strong>revocatus,</strong></span> <span class='ocrx_word' id='word_1_168' title='bbox 977 1384 1016 1415; x_wconf 82' lang='lat' dir='ltr'><strong>ab</strong></span> 
     </span>
     <span class='ocr_line' id='line_1_23' title="bbox 314 1427 1018 1470; baseline -0.004 -10"><span class='ocrx_word' id='word_1_169' title='bbox 314 1429 459 1470; x_wconf 86' lang='lat' dir='ltr'><strong>Ephoris,</strong></span> <span class='ocrx_word' id='word_1_170' title='bbox 473 1439 550 1470; x_wconf 88' lang='lat' dir='ltr'><strong>quos</strong></span> <span class='ocrx_word' id='word_1_171' title='bbox 563 1427 691 1470; x_wconf 63' lang='lat' dir='ltr'><strong>pecunia</strong></span> <span class='ocrx_word' id='word_1_172' title='bbox 708 1434 898 1470; x_wconf 85' lang='lat' dir='ltr'><strong>corruperat,</strong></span> <span class='ocrx_word' id='word_1_173' title='bbox 923 1427 1018 1458; x_wconf 82' lang='lat' dir='ltr'><strong>semel</strong></span> 
     </span>
     <span class='ocr_line' id='line_1_24' title="bbox 313 1469 1017 1513; baseline -0.003 -11"><span class='ocrx_word' id='word_1_174' title='bbox 313 1479 408 1513; x_wconf 72' lang='lat' dir='ltr'><strong>atque</strong></span> <span class='ocrx_word' id='word_1_175' title='bbox 423 1472 538 1503; x_wconf 85' lang='lat' dir='ltr'><strong>iterum</strong></span> <span class='ocrx_word' id='word_1_176' title='bbox 562 1470 719 1502; x_wconf 85' lang='lat' dir='ltr'><strong>absolutus</strong></span> <span class='ocrx_word' id='word_1_177' title='bbox 734 1477 798 1500; x_wconf 61' lang='lat' dir='ltr'><strong>ests</strong></span> <span class='ocrx_word' id='word_1_178' title='bbox 825 1470 877 1500; x_wconf 89' lang='lat' dir='ltr'><strong>sed</strong></span> <span class='ocrx_word' id='word_1_179' title='bbox 896 1469 1017 1501; x_wconf 69' lang='lat' dir='ltr'><strong>detecta</strong></span> 
     </span>
     <span class='ocr_line' id='line_1_25' title="bbox 315 1512 1017 1555; baseline -0.003 -10"><span class='ocrx_word' id='word_1_180' title='bbox 315 1525 389 1545; x_wconf 88' lang='lat' dir='ltr'><strong>cum</strong></span> <span class='ocrx_word' id='word_1_181' title='bbox 404 1513 487 1545; x_wconf 85' lang='lat' dir='ltr'><strong>Ilotis</strong></span> <span class='ocrx_word' id='word_1_182' title='bbox 502 1512 736 1555; x_wconf 82' lang='lat' dir='ltr'><strong>conspiratione,</strong></span> <span class='ocrx_word' id='word_1_183' title='bbox 757 1520 788 1543; x_wconf 83' lang='lat' dir='ltr'><strong>et</strong></span> <span class='ocrx_word' id='word_1_184' title='bbox 814 1512 920 1549; x_wconf 79' lang='lat' dir='ltr'><strong>literis,</strong></span> <span class='ocrx_word' id='word_1_185' title='bbox 943 1523 1017 1553; x_wconf 89' lang='lat' dir='ltr'><strong>quas</strong></span> 
     </span>
     <span class='ocr_line' id='line_1_26' title="bbox 315 1555 1018 1597; baseline -0.004 -9"><span class='ocrx_word' id='word_1_186' title='bbox 315 1557 355 1588; x_wconf 87' lang='lat' dir='ltr'><strong>ad</strong></span> <span class='ocrx_word' id='word_1_187' title='bbox 360 1556 551 1588; x_wconf 81' lang='lat' dir='ltr'><strong>Artabasum</strong></span> <span class='ocrx_word' id='word_1_188' title='bbox 559 1555 731 1597; x_wconf 80' lang='lat' dir='ltr'><strong>scripserat,</strong></span> <span class='ocrx_word' id='word_1_189' title='bbox 742 1555 1018 1596; x_wconf 78' lang='lat' dir='ltr'><strong>interceptis,dam—</strong></span> 
     </span>
     <span class='ocr_line' id='line_1_27' title="bbox 316 1596 1018 1640; baseline -0.004 -10"><span class='ocrx_word' id='word_1_190' title='bbox 316 1606 417 1636; x_wconf 86' lang='lat' dir='ltr'><strong>natus,</strong></span> <span class='ocrx_word' id='word_1_191' title='bbox 427 1599 458 1629; x_wconf 91' lang='lat' dir='ltr'><strong>in</strong></span> <span class='ocrx_word' id='word_1_192' title='bbox 472 1598 603 1630; x_wconf 83' lang='lat' dir='ltr'><strong>Palladis</strong></span> <span class='ocrx_word' id='word_1_193' title='bbox 615 1597 743 1640; x_wconf 86' lang='lat' dir='ltr'><strong>templo,</strong></span> <span class='ocrx_word' id='word_1_194' title='bbox 755 1597 817 1639; x_wconf 75' lang='lat' dir='ltr'><strong>quo</strong></span> <span class='ocrx_word' id='word_1_195' title='bbox 828 1596 962 1639; x_wconf 82' lang='lat' dir='ltr'><strong>fugerat,</strong></span> <span class='ocrx_word' id='word_1_196' title='bbox 973 1597 1018 1627; x_wconf 80' lang='lat' dir='ltr'><strong>fa·</strong></span> 
     </span>
     <span class='ocr_line' id='line_1_28' title="bbox 315 1642 484 1684; baseline -0.012 -11"><span class='ocrx_word' id='word_1_197' title='bbox 315 1652 368 1673; x_wconf 91' lang='lat' dir='ltr'><strong>me</strong></span> <span class='ocrx_word' id='word_1_198' title='bbox 383 1642 484 1684; x_wconf 87' lang='lat' dir='ltr'><strong>periit.</strong></span> 
     </span>
    </p>

    <p class='ocr_par' dir='ltr' id='par_1_14' title="bbox 315 1682 1017 1758">
     <span class='ocr_line' id='line_1_29' title="bbox 358 1682 1017 1725; baseline -0.005 -10"><span class='ocrx_word' id='word_1_199' title='bbox 358 1689 387 1715; x_wconf 77' lang='lat'><strong>2.</strong></span> <span class='ocrx_word' id='word_1_200' title='bbox 400 1682 562 1725; x_wconf 69' lang='lat' dir='ltr'><strong>Cimonem]</strong></span> <span class='ocrx_word' id='word_1_201' title='bbox 586 1682 742 1714; x_wconf 86' lang='lat' dir='ltr'><strong>Miltiadis</strong></span> <span class='ocrx_word' id='word_1_202' title='bbox 749 1682 858 1719; x_wconf 87' lang='lat' dir='ltr'><strong>filium,</strong></span> <span class='ocrx_word' id='word_1_203' title='bbox 874 1682 926 1724; x_wconf 88' lang='lat' dir='ltr'><strong>qui</strong></span> <span class='ocrx_word' id='word_1_204' title='bbox 936 1692 1017 1713; x_wconf 87' lang='lat' dir='ltr'><strong>sum-</strong></span> 
     </span>
     <span class='ocr_line' id='line_1_30' title="bbox 315 1725 1017 1758; baseline -0.003 0"><span class='ocrx_word' id='word_1_205' title='bbox 315 1736 367 1758; x_wconf 87' lang='lat' dir='ltr'><strong>ma</strong></span> <span class='ocrx_word' id='word_1_206' title='bbox 378 1737 449 1758; x_wconf 88' lang='lat' dir='ltr'><strong>cum</strong></span> <span class='ocrx_word' id='word_1_207' title='bbox 458 1726 548 1757; x_wconf 81' lang='lat' dir='ltr'><strong>laude</strong></span> <span class='ocrx_word' id='word_1_208' title='bbox 562 1733 718 1757; x_wconf 85' lang='lat' dir='ltr'><strong>meruerat</strong></span> <span class='ocrx_word' id='word_1_209' title='bbox 732 1725 786 1756; x_wconf 81' lang='lat' dir='ltr'><strong>sub</strong></span> <span class='ocrx_word' id='word_1_210' title='bbox 798 1725 1017 1757; x_wconf 76' lang='lat' dir='ltr'><strong>Themistocle.</strong></span> 
     </span>
    </p>
   </div>
   <div class='ocr_carea' id='block_1_9' title="bbox 1050 1213 1759 1768">
    <p class='ocr_par' dir='ltr' id='par_1_15' title="bbox 1050 1213 1759 1768">
     <span class='ocr_line' id='line_1_31' title="bbox 1092 1213 1754 1256; baseline 0 -11"><span class='ocrx_word' id='word_1_211' title='bbox 1092 1219 1121 1245; x_wconf 78' lang='lat'><strong>3.</strong></span> <span class='ocrx_word' id='word_1_212' title='bbox 1137 1215 1281 1245; x_wconf 76' lang='lat' dir='ltr'><strong>Terrestri</strong></span> <span class='ocrx_word' id='word_1_213' title='bbox 1297 1215 1449 1255; x_wconf 67' lang='lat' dir='ltr'><strong>navalique</strong></span> <span class='ocrx_word' id='word_1_214' title='bbox 1462 1213 1552 1256; x_wconf 64' lang='lat' dir='ltr'><strong>bella]</strong></span> <span class='ocrx_word' id='word_1_215' title='bbox 1573 1213 1705 1245; x_wconf 74' lang='lat' dir='ltr'><strong>Eionem</strong></span> <span class='ocrx_word' id='word_1_216' title='bbox 1715 1213 1754 1245; x_wconf 81' lang='lat' dir='ltr'><strong>ad</strong></span> 
     </span>
     <span class='ocr_line' id='line_1_32' title="bbox 1051 1256 1754 1298; baseline 0 -10"><span class='ocrx_word' id='word_1_217' title='bbox 1051 1259 1249 1298; x_wconf 77' lang='lat' dir='ltr'><strong>Strymonem</strong></span> <span class='ocrx_word' id='word_1_218' title='bbox 1264 1258 1354 1287; x_wconf 84' lang='lat' dir='ltr'><strong>sitam</strong></span> <span class='ocrx_word' id='word_1_219' title='bbox 1369 1265 1400 1288; x_wconf 89' lang='lat' dir='ltr'><strong>et</strong></span> <span class='ocrx_word' id='word_1_220' title='bbox 1413 1258 1543 1297; x_wconf 88' lang='lat' dir='ltr'><strong>Scyrum</strong></span> <span class='ocrx_word' id='word_1_221' title='bbox 1557 1256 1688 1288; x_wconf 89' lang='lat' dir='ltr'><strong>insulam</strong></span> <span class='ocrx_word' id='word_1_222' title='bbox 1703 1268 1754 1288; x_wconf 88' lang='lat' dir='ltr'><strong>ce-</strong></span> 
     </span>
     <span class='ocr_line' id='line_1_33' title="bbox 1050 1298 1754 1341; baseline 0.001 -11"><span class='ocrx_word' id='word_1_223' title='bbox 1050 1300 1105 1341; x_wconf 86' lang='lat' dir='ltr'><strong>pit,</strong></span> <span class='ocrx_word' id='word_1_224' title='bbox 1121 1299 1296 1341; x_wconf 85' lang='lat' dir='ltr'><strong>Dolopibus</strong></span> <span class='ocrx_word' id='word_1_225' title='bbox 1312 1298 1417 1331; x_wconf 85' lang='lat' dir='ltr'><strong>incolis</strong></span> <span class='ocrx_word' id='word_1_226' title='bbox 1438 1300 1470 1329; x_wconf 88' lang='lat' dir='ltr'><strong>in</strong></span> <span class='ocrx_word' id='word_1_227' title='bbox 1495 1299 1678 1330; x_wconf 84' lang='lat' dir='ltr'><strong>servitutem</strong></span> <span class='ocrx_word' id='word_1_228' title='bbox 1699 1299 1754 1331; x_wconf 87' lang='lat' dir='ltr'><strong>ab·</strong></span> 
     </span>
     <span class='ocr_line' id='line_1_34' title="bbox 1050 1341 1756 1380; baseline 0.001 -7"><span class='ocrx_word' id='word_1_229' title='bbox 1050 1342 1184 1375; x_wconf 81' lang='lat' dir='ltr'><strong>stractis:</strong></span> <span class='ocrx_word' id='word_1_230' title='bbox 1209 1342 1261 1372; x_wconf 90' lang='lat' dir='ltr'><strong>sed</strong></span> <span class='ocrx_word' id='word_1_231' title='bbox 1273 1342 1339 1373; x_wconf 87' lang='lat' dir='ltr'><strong>haec</strong></span> <span class='ocrx_word' id='word_1_232' title='bbox 1349 1341 1438 1373; x_wconf 84' lang='lat' dir='ltr'><strong>aliter</strong></span> <span class='ocrx_word' id='word_1_233' title='bbox 1453 1341 1646 1380; x_wconf 84' lang='lat' dir='ltr'><strong>Plutarchus,</strong></span> <span class='ocrx_word' id='word_1_234' title='bbox 1660 1342 1756 1375; x_wconf 78' lang='lat' dir='ltr'><strong>Diod.</strong></span> 
     </span>
     <span class='ocr_line' id='line_1_35' title="bbox 1050 1384 1756 1425; baseline 0.003 -10"><span class='ocrx_word' id='word_1_235' title='bbox 1050 1384 1195 1425; x_wconf 86' lang='lat' dir='ltr'><strong>Thucyd.</strong></span> <span class='ocrx_word' id='word_1_236' title='bbox 1209 1392 1239 1415; x_wconf 90' lang='lat' dir='ltr'><strong>et</strong></span> <span class='ocrx_word' id='word_1_237' title='bbox 1255 1385 1374 1415; x_wconf 85' lang='lat' dir='ltr'><strong>Herod.</strong></span> <span class='ocrx_word' id='word_1_238' title='bbox 1398 1392 1543 1422; x_wconf 78' lang='lat' dir='ltr'><strong>narrant3</strong></span> <span class='ocrx_word' id='word_1_239' title='bbox 1563 1394 1670 1415; x_wconf 87' lang='lat' dir='ltr'><strong>ornnes</strong></span> <span class='ocrx_word' id='word_1_240' title='bbox 1696 1387 1756 1417; x_wconf 85' lang='lat' dir='ltr'><strong>Ca-</strong></span> 
     </span>
     <span class='ocr_line' id='line_1_36' title="bbox 1052 1426 1757 1468; baseline 0.003 -11"><span class='ocrx_word' id='word_1_241' title='bbox 1052 1428 1104 1458; x_wconf 81' lang='lat' dir='ltr'><strong>ria:</strong></span> <span class='ocrx_word' id='word_1_242' title='bbox 1116 1434 1146 1457; x_wconf 84' lang='lat' dir='ltr'><strong>et</strong></span> <span class='ocrx_word' id='word_1_243' title='bbox 1156 1427 1262 1467; x_wconf 87' lang='lat' dir='ltr'><strong>Lyciae</strong></span> <span class='ocrx_word' id='word_1_244' title='bbox 1271 1427 1364 1458; x_wconf 81' lang='lat' dir='ltr'><strong>urbes</strong></span> <span class='ocrx_word' id='word_1_245' title='bbox 1371 1426 1514 1468; x_wconf 84' lang='lat' dir='ltr'><strong>diripuit:</strong></span> <span class='ocrx_word' id='word_1_246' title='bbox 1526 1427 1633 1468; x_wconf 68' lang='lat' dir='ltr'><strong>postea</strong></span> <span class='ocrx_word' id='word_1_247' title='bbox 1642 1436 1673 1459; x_wconf 90' lang='lat' dir='ltr'><strong>et</strong></span> <span class='ocrx_word' id='word_1_248' title='bbox 1679 1429 1757 1459; x_wconf 85' lang='lat' dir='ltr'><strong>Per-</strong></span> 
     </span>
     <span class='ocr_line' id='line_1_37' title="bbox 1052 1469 1758 1511; baseline 0.003 -11"><span class='ocrx_word' id='word_1_249' title='bbox 1052 1480 1154 1501; x_wconf 84' lang='lat' dir='ltr'><strong>sarum</strong></span> <span class='ocrx_word' id='word_1_250' title='bbox 1164 1470 1289 1500; x_wconf 87' lang='lat' dir='ltr'><strong>classem</strong></span> <span class='ocrx_word' id='word_1_251' title='bbox 1299 1469 1395 1511; x_wconf 75' lang='lat' dir='ltr'><strong>prope</strong></span> <span class='ocrx_word' id='word_1_252' title='bbox 1407 1470 1592 1511; x_wconf 85' lang='lat' dir='ltr'><strong>Cyprum,et</strong></span> <span class='ocrx_word' id='word_1_253' title='bbox 1600 1470 1758 1510; x_wconf 83' lang='lat' dir='ltr'><strong>pedestres</strong></span> 
     </span>
     <span class='ocr_line' id='line_1_38' title="bbox 1053 1511 1755 1555; baseline 0.003 -12"><span class='ocrx_word' id='word_1_254' title='bbox 1053 1513 1155 1554; x_wconf 86' lang='lat' dir='ltr'><strong>copias</strong></span> <span class='ocrx_word' id='word_1_255' title='bbox 1173 1512 1262 1552; x_wconf 83' lang='lat' dir='ltr'><strong>juxta</strong></span> <span class='ocrx_word' id='word_1_256' title='bbox 1276 1511 1544 1553; x_wconf 85' lang='lat' dir='ltr'><strong>Eurymedontem</strong></span> <span class='ocrx_word' id='word_1_257' title='bbox 1560 1513 1755 1555; x_wconf 66' lang='lat' dir='ltr'><strong>Pamphyliae</strong></span> 
     </span>
     <span class='ocr_line' id='line_1_39' title="bbox 1052 1554 1758 1597; baseline 0.001 -11"><span class='ocrx_word' id='word_1_258' title='bbox 1052 1554 1194 1591; x_wconf 83' lang='lat' dir='ltr'><strong>fluvium,</strong></span> <span class='ocrx_word' id='word_1_259' title='bbox 1207 1555 1338 1586; x_wconf 89' lang='lat' dir='ltr'><strong>mentito</strong></span> <span class='ocrx_word' id='word_1_260' title='bbox 1349 1554 1486 1585; x_wconf 89' lang='lat' dir='ltr'><strong>hostium</strong></span> <span class='ocrx_word' id='word_1_261' title='bbox 1498 1554 1617 1591; x_wconf 86' lang='lat' dir='ltr'><strong>habitu,</strong></span> <span class='ocrx_word' id='word_1_262' title='bbox 1632 1556 1758 1597; x_wconf 80' lang='lat' dir='ltr'><strong>penitus</strong></span> 
     </span>
     <span class='ocr_line' id='line_1_40' title="bbox 1053 1597 1758 1635; baseline 0.001 -7"><span class='ocrx_word' id='word_1_263' title='bbox 1053 1597 1188 1635; x_wconf 81' lang='lat' dir='ltr'><strong>delevit3</strong></span> <span class='ocrx_word' id='word_1_264' title='bbox 1211 1597 1321 1628; x_wconf 88' lang='lat' dir='ltr'><strong>deinde</strong></span> <span class='ocrx_word' id='word_1_265' title='bbox 1343 1597 1442 1628; x_wconf 85' lang='lat' dir='ltr'><strong>foedus</strong></span> <span class='ocrx_word' id='word_1_266' title='bbox 1458 1608 1528 1627; x_wconf 88' lang='lat' dir='ltr'><strong>cum</strong></span> <span class='ocrx_word' id='word_1_267' title='bbox 1544 1597 1644 1628; x_wconf 85' lang='lat' dir='ltr'><strong>Persis</strong></span> <span class='ocrx_word' id='word_1_268' title='bbox 1659 1597 1758 1629; x_wconf 90' lang='lat' dir='ltr'><strong>ictum</strong></span> 
     </span>
     <span class='ocr_line' id='line_1_41' title="bbox 1054 1639 1757 1678; baseline 0.001 -7"><span class='ocrx_word' id='word_1_269' title='bbox 1054 1648 1118 1678; x_wconf 82' lang='lat' dir='ltr'><strong>est;</strong></span> <span class='ocrx_word' id='word_1_270' title='bbox 1140 1639 1193 1671; x_wconf 89' lang='lat' dir='ltr'><strong>sed</strong></span> <span class='ocrx_word' id='word_1_271' title='bbox 1208 1639 1274 1670; x_wconf 79' lang='lat' dir='ltr'><strong>haec</strong></span> <span class='ocrx_word' id='word_1_272' title='bbox 1290 1641 1394 1670; x_wconf 88' lang='lat' dir='ltr'><strong>omnia</strong></span> <span class='ocrx_word' id='word_1_273' title='bbox 1406 1649 1469 1670; x_wconf 86' lang='lat' dir='ltr'><strong>non</strong></span> <span class='ocrx_word' id='word_1_274' title='bbox 1486 1639 1610 1677; x_wconf 84' lang='lat' dir='ltr'><strong>Xerxis,</strong></span> <span class='ocrx_word' id='word_1_275' title='bbox 1624 1641 1678 1671; x_wconf 86' lang='lat' dir='ltr'><strong>sed</strong></span> <span class='ocrx_word' id='word_1_276' title='bbox 1691 1644 1757 1672; x_wconf 87' lang='lat' dir='ltr'><strong>Ar·</strong></span> 
     </span>
     <span class='ocr_line' id='line_1_42' title="bbox 1053 1683 1759 1724; baseline 0 -10"><span class='ocrx_word' id='word_1_277' title='bbox 1053 1683 1184 1714; x_wconf 81' lang='lat' dir='ltr'><strong>taxerxis</strong></span> <span class='ocrx_word' id='word_1_278' title='bbox 1198 1689 1340 1723; x_wconf 87' lang='lat' dir='ltr'><strong>tempore</strong></span> <span class='ocrx_word' id='word_1_279' title='bbox 1357 1690 1444 1724; x_wconf 84' lang='lat' dir='ltr'><strong>gesta</strong></span> <span class='ocrx_word' id='word_1_280' title='bbox 1458 1690 1539 1718; x_wconf 81' lang='lat' dir='ltr'><strong>sunt,</strong></span> <span class='ocrx_word' id='word_1_281' title='bbox 1554 1683 1665 1715; x_wconf 81' lang='lat' dir='ltr'><strong>Herod.</strong></span> <span class='ocrx_word' id='word_1_282' title='bbox 1676 1683 1759 1714; x_wconf 85' lang='lat' dir='ltr'><em>Thu-</em></span> 
     </span>
     <span class='ocr_line' id='line_1_43' title="bbox 1054 1726 1699 1768; baseline 0 -12"><span class='ocrx_word' id='word_1_283' title='bbox 1054 1728 1112 1768; x_wconf 62' lang='lat' dir='ltr'><strong>cyd.</strong></span> <span class='ocrx_word' id='word_1_284' title='bbox 1129 1726 1214 1756; x_wconf 83' lang='lat' dir='ltr'><strong>Diod.</strong></span> <span class='ocrx_word' id='word_1_285' title='bbox 1232 1726 1386 1756; x_wconf 79' lang='lat' dir='ltr'><strong>Plutarch.</strong></span> <span class='ocrx_word' id='word_1_286' title='bbox 1695 1726 1699 1729; x_wconf 81' lang='grc'><strong>’</strong></span> 
     </span>
    </p>
   </div>
   <div class='ocr_carea' id='block_1_10' title="bbox 326 1847 1753 1863">
    <p class='ocr_par' dir='ltr' id='par_1_16' title="bbox 326 1847 1753 1863">
     <span class='ocr_line' id='line_1_44' title="bbox 326 1847 1753 1863; baseline 0 0"><span class='ocrx_word' id='word_1_287' title='bbox 326 1847 1753 1863; x_wconf 95' lang='lat' dir='ltr'><strong> </strong></span> 
     </span>
    </p>
   </div>
   <div class='ocr_carea' id='block_1_11' title="bbox 875 1962 1205 2013">
    <p class='ocr_par' dir='ltr' id='par_1_17' title="bbox 875 1962 1205 2013">
     <span class='ocr_line' id='line_1_45' title="bbox 875 1962 1205 2013; baseline 0 -2"><span class='ocrx_word' id='word_1_288' title='bbox 875 1962 1075 2013; x_wconf 82' lang='lat' dir='ltr'>LIBER</span> <span class='ocrx_word' id='word_1_289' title='bbox 1109 1964 1205 2012; x_wconf 87' lang='grc' dir='ltr'><strong>ΙΙΙ.</strong></span> 
     </span>
    </p>
   </div>
   <div class='ocr_carea' id='block_1_12' title="bbox 678 2095 1403 2138">
    <p class='ocr_par' dir='ltr' id='par_1_18' title="bbox 678 2095 1403 2138">
     <span class='ocr_line' id='line_1_46' title="bbox 678 2095 1403 2138; baseline 0.001 -2"><span class='ocrx_word' id='word_1_290' title='bbox 678 2095 1078 2138; x_wconf 87' lang='lat' dir='ltr'><strong>BREVIARIUM</strong></span> <span class='ocrx_word' id='word_1_291' title='bbox 1110 2095 1403 2138; x_wconf 82' lang='lat' dir='ltr'><strong>CAPITUM.</strong></span> 
     </span>
    </p>
   </div>
   <div class='ocr_carea' id='block_1_13' title="bbox 386 2210 1647 2268">
    <p class='ocr_par' dir='ltr' id='par_1_19' title="bbox 386 2210 1647 2268">
     <span class='ocr_line' id='line_1_47' title="bbox 386 2210 1647 2268; baseline -0.001 -15"><span class='ocrx_word' id='word_1_292' title='bbox 386 2219 423 2253; x_wconf 89' lang='lat'><strong>1.</strong></span> <span class='ocrx_word' id='word_1_293' title='bbox 453 2210 598 2254; x_wconf 80' lang='lat' dir='ltr'><strong>Xerxis</strong></span> <span class='ocrx_word' id='word_1_294' title='bbox 616 2221 652 2252; x_wconf 85' lang='lat' dir='ltr'><strong>et</strong></span> <span class='ocrx_word' id='word_1_295' title='bbox 671 2212 877 2253; x_wconf 80' lang='lat' dir='ltr'><strong>Artabani</strong></span> <span class='ocrx_word' id='word_1_296' title='bbox 894 2212 1082 2268; x_wconf 76' lang='lat' dir='ltr'><strong>praeficti</strong></span> <span class='ocrx_word' id='word_1_297' title='bbox 1098 2211 1244 2268; x_wconf 72' lang='lat' dir='ltr'><strong>perfidi</strong></span> <span class='ocrx_word' id='word_1_298' title='bbox 1269 2213 1440 2267; x_wconf 74' lang='lat' dir='ltr'><strong>tragicus</strong></span> <span class='ocrx_word' id='word_1_299' title='bbox 1459 2212 1647 2254; x_wconf 75' lang='lat' dir='ltr'><strong>interitus.</strong></span> 
     </span>
    </p>
   </div>
   <div class='ocr_carea' id='block_1_14' title="bbox 382 2270 1543 2326">
    <p class='ocr_par' dir='ltr' id='par_1_20' title="bbox 382 2270 1543 2326">
     <span class='ocr_line' id='line_1_48' title="bbox 382 2270 1543 2326; baseline 0.002 -16"><span class='ocrx_word' id='word_1_300' title='bbox 382 2278 424 2310; x_wconf 84' lang='lat'><strong>2.</strong></span> <span class='ocrx_word' id='word_1_301' title='bbox 454 2270 650 2310; x_wconf 77' lang='lat' dir='ltr'><strong>Bellorum</strong></span> <span class='ocrx_word' id='word_1_302' title='bbox 671 2270 770 2310; x_wconf 84' lang='lat' dir='ltr'><strong>inter</strong></span> <span class='ocrx_word' id='word_1_303' title='bbox 790 2270 1088 2312; x_wconf 76' lang='lat' dir='ltr'><strong>Lacedaemonios</strong></span> <span class='ocrx_word' id='word_1_304' title='bbox 1106 2280 1142 2310; x_wconf 82' lang='lat' dir='ltr'><strong>et</strong></span> <span class='ocrx_word' id='word_1_305' title='bbox 1163 2270 1405 2312; x_wconf 80' lang='lat' dir='ltr'><strong>Athenienses</strong></span> <span class='ocrx_word' id='word_1_306' title='bbox 1425 2272 1543 2326; x_wconf 58' lang='lat' dir='ltr'><strong>origo.</strong></span> 
     </span>
    </p>
   </div>
   <div class='ocr_carea' id='block_1_15' title="bbox 1605 2273 1759 2327">
    <p class='ocr_par' dir='ltr' id='par_1_21' title="bbox 1605 2273 1759 2327">
     <span class='ocr_line' id='line_1_49' title="bbox 1605 2273 1759 2327; baseline 0.013 -16"><span class='ocrx_word' id='word_1_307' title='bbox 1605 2273 1636 2311; x_wconf 89' lang='lat' dir='ltr'><strong>S</strong></span> <span class='ocrx_word' id='word_1_308' title='bbox 1626 2281 1759 2327; x_wconf 82' lang='lat' dir='ltr'><strong>partae</strong></span> 
     </span>
    </p>
   </div>
   <div class='ocr_carea' id='block_1_16' title="bbox 385 2327 1764 2441">
    <p class='ocr_par' dir='ltr' id='par_1_22' title="bbox 385 2327 1764 2441">
     <span class='ocr_line' id='line_1_50' title="bbox 497 2327 1056 2383; baseline 0.002 -15"><span class='ocrx_word' id='word_1_309' title='bbox 497 2327 742 2383; x_wconf 79' lang='lat' dir='ltr'><strong>Respublica,</strong></span> <span class='ocrx_word' id='word_1_310' title='bbox 770 2338 806 2368; x_wconf 86' lang='lat' dir='ltr'><strong>et</strong></span> <span class='ocrx_word' id='word_1_311' title='bbox 826 2327 1056 2382; x_wconf 81' lang='lat' dir='ltr'><strong>Legislator.</strong></span> 
     </span>
     <span class='ocr_line' id='line_1_51' title="bbox 385 2385 1764 2441; baseline 0.001 -16"><span class='ocrx_word' id='word_1_312' title='bbox 385 2393 426 2425; x_wconf 85' lang='lat'><strong>3.</strong></span> <span class='ocrx_word' id='word_1_313' title='bbox 458 2385 577 2438; x_wconf 77' lang='lat' dir='ltr'><strong>Reges</strong></span> <span class='ocrx_word' id='word_1_314' title='bbox 590 2386 616 2425; x_wconf 77' lang='grc' dir='ltr'><em>ἁ</em></span> <span class='ocrx_word' id='word_1_315' title='bbox 634 2385 809 2441; x_wconf 78' lang='lat' dir='ltr'><strong>Lycurgo</strong></span> <span class='ocrx_word' id='word_1_316' title='bbox 825 2386 1029 2441; x_wconf 82' lang='lat' dir='ltr'><strong>Spartanis</strong></span> <span class='ocrx_word' id='word_1_317' title='bbox 1048 2388 1153 2437; x_wconf 80' lang='lat' dir='ltr'><strong>latae,</strong></span> <span class='ocrx_word' id='word_1_318' title='bbox 1173 2388 1346 2441; x_wconf 76' lang='lat' dir='ltr'><strong>quomodo</strong></span> <span class='ocrx_word' id='word_1_319' title='bbox 1364 2386 1578 2440; x_wconf 84' lang='lat' dir='ltr'><strong>rataefiant</strong></span> <span class='ocrx_word' id='word_1_320' title='bbox 1597 2396 1631 2427; x_wconf 85' lang='lat' dir='ltr'><strong>et</strong></span> <span class='ocrx_word' id='word_1_321' title='bbox 1651 2385 1764 2427; x_wconf 80' lang='lat' dir='ltr'><strong>habe-</strong></span> 
     </span>
    </p>
   </div>
   <div class='ocr_carea' id='block_1_17' title="bbox 496 2452 627 2482">
    <p class='ocr_par' dir='ltr' id='par_1_23' title="bbox 496 2452 627 2482">
     <span class='ocr_line' id='line_1_52' title="bbox 496 2452 627 2482; baseline 0 -1"><span class='ocrx_word' id='word_1_322' title='bbox 496 2452 627 2482; x_wconf 80' lang='lat' dir='ltr'><strong>antur.</strong></span> 
     </span>
    </p>
   </div>
   <div class='ocr_carea' id='block_1_18' title="bbox 385 2499 1763 2614">
    <p class='ocr_par' dir='ltr' id='par_1_24' title="bbox 385 2499 1763 2614">
     <span class='ocr_line' id='line_1_53' title="bbox 385 2499 1763 2560; baseline 0.001 -19"><span class='ocrx_word' id='word_1_323' title='bbox 385 2507 426 2542; x_wconf 74' lang='lat'><strong>4.</strong></span> <span class='ocrx_word' id='word_1_324' title='bbox 458 2499 608 2540; x_wconf 69' lang='lat' dir='ltr'><strong>Bellum</strong></span> <span class='ocrx_word' id='word_1_325' title='bbox 630 2499 829 2541; x_wconf 82' lang='lat' dir='ltr'><strong>Messeniis</strong></span> <span class='ocrx_word' id='word_1_326' title='bbox 845 2501 995 2541; x_wconf 78' lang='lat' dir='ltr'><strong>illatum</strong></span> <span class='ocrx_word' id='word_1_327' title='bbox 1015 2502 1058 2542; x_wconf 86' lang='lat' dir='ltr'><strong>ob</strong></span> <span class='ocrx_word' id='word_1_328' title='bbox 1074 2511 1271 2557; x_wconf 77' lang='lat' dir='ltr'><strong>stupratas</strong></span> <span class='ocrx_word' id='word_1_329' title='bbox 1285 2503 1450 2558; x_wconf 76' lang='lat' dir='ltr'><strong>virgines</strong></span> <span class='ocrx_word' id='word_1_330' title='bbox 1468 2519 1480 2543; x_wconf 89' lang='lat'><strong>.·</strong></span> <span class='ocrx_word' id='word_1_331' title='bbox 1503 2514 1538 2544; x_wconf 88' lang='lat' dir='ltr'><strong>et</strong></span> <span class='ocrx_word' id='word_1_332' title='bbox 1552 2502 1763 2560; x_wconf 83' lang='lat' dir='ltr'><strong>spuriorum</strong></span> 
     </span>
     <span class='ocr_line' id='line_1_54' title="bbox 500 2558 1228 2614; baseline 0.004 -17"><span class='ocrx_word' id='word_1_333' title='bbox 500 2558 777 2614; x_wconf 79' lang='lat' dir='ltr'><strong>Spartanorum</strong></span> <span class='ocrx_word' id='word_1_334' title='bbox 796 2558 835 2598; x_wconf 83' lang='lat' dir='ltr'><strong>in</strong></span> <span class='ocrx_word' id='word_1_335' title='bbox 854 2559 1016 2599; x_wconf 83' lang='lat' dir='ltr'><strong>Italiam</strong></span> <span class='ocrx_word' id='word_1_336' title='bbox 1036 2559 1228 2613; x_wconf 58' lang='lat' dir='ltr'><strong>migratio.</strong></span> 
     </span>
    </p>
   </div>
   <div class='ocr_carea' id='block_1_19' title="bbox 385 2614 1765 2675">
    <p class='ocr_par' dir='ltr' id='par_1_25' title="bbox 385 2614 1765 2675">
     <span class='ocr_line' id='line_1_55' title="bbox 385 2614 1765 2675; baseline 0.001 -18"><span class='ocrx_word' id='word_1_337' title='bbox 385 2621 425 2657; x_wconf 83' lang='lat'><strong>5.</strong></span> <span class='ocrx_word' id='word_1_338' title='bbox 457 2614 643 2656; x_wconf 81' lang='lat' dir='ltr'><strong>Messenii</strong></span> <span class='ocrx_word' id='word_1_339' title='bbox 653 2618 829 2656; x_wconf 74' lang='lat' dir='ltr'><strong>scelerum</strong></span> <span class='ocrx_word' id='word_1_340' title='bbox 848 2632 998 2658; x_wconf 81' lang='lat' dir='ltr'><strong>suorum</strong></span> <span class='ocrx_word' id='word_1_341' title='bbox 1013 2618 1121 2658; x_wconf 81' lang='lat' dir='ltr'><strong>luunt</strong></span> <span class='ocrx_word' id='word_1_342' title='bbox 1133 2629 1268 2675; x_wconf 72' lang='lat' dir='ltr'><strong>panas</strong></span> <span class='ocrx_word' id='word_1_343' title='bbox 1278 2639 1294 2667; x_wconf 89' lang='lat'><strong>‚·</strong></span> <span class='ocrx_word' id='word_1_344' title='bbox 1326 2629 1360 2659; x_wconf 82' lang='lat' dir='ltr'><strong>et</strong></span> <span class='ocrx_word' id='word_1_345' title='bbox 1379 2618 1514 2659; x_wconf 80' lang='lat' dir='ltr'><em>bellum</em></span> <span class='ocrx_word' id='word_1_346' title='bbox 1530 2617 1765 2668; x_wconf 79' lang='lat' dir='ltr'><strong>instaurant,</strong></span> 
     </span>
    </p>
   </div>
   <div class='ocr_carea' id='block_1_20' title="bbox 499 2676 973 2732">
    <p class='ocr_par' dir='ltr' id='par_1_26' title="bbox 499 2676 973 2732">
     <span class='ocr_line' id='line_1_56' title="bbox 499 2676 973 2732; baseline 0.004 -19"><span class='ocrx_word' id='word_1_347' title='bbox 499 2688 546 2713; x_wconf 81' lang='lat' dir='ltr'><strong>ac</strong></span> <span class='ocrx_word' id='word_1_348' title='bbox 566 2676 713 2715; x_wconf 81' lang='lat' dir='ltr'><strong>tandem</strong></span> <span class='ocrx_word' id='word_1_349' title='bbox 733 2685 973 2732; x_wconf 58' lang='lat' dir='ltr'><strong>asperantur.</strong></span> 
     </span>
    </p>
   </div>
   <div class='ocr_carea' id='block_1_21' title="bbox 1855 0 1903 1424">
    <p class='ocr_par' dir='ltr' id='par_1_27' title="bbox 1855 0 1903 1424">
     <span class='ocr_line' id='line_1_57' title="bbox 1855 0 1903 1424; baseline 0 0"><span class='ocrx_word' id='word_1_350' title='bbox 1855 0 1903 1424; x_wconf 95' lang='lat' dir='ltr'><strong> </strong></span> 
     </span>
    </p>
   </div>
  </div>
 </body>
</html>
