1903 3076
506 167 618 209 ΠΒ.
642 156 1057 214 XXXV1.·CAP.
1080 170 1167 216 111.

1660 190 1745 232 271

131 251 265 295 CAP.
287 252 373 294 III·
400 252 530 306 ,Opes
549 252 660 308 genti
682 267 735 294 ex
754 253 1026 315 vectigalibus
1049 259 1061 276 ¹
1078 259 1334 312 opobalsami
1354 260 1536 318 crevere,
1550 275 1716 311 Judaeorum

75 314 187 368 quod
209 316 224 334 ²
237 312 280 352 in
299 313 363 352 his
383 311 542 351 tantum
563 311 802 366 regionibus
820 313 1018 368 gignitur.
1070 317 1146 358 Est
1168 322 1181 347 3
1197 334 1376 376 namque
1397 322 1533 375 vallis,
1548 327 1620 360 ‘’P‘'-

72 443 165 469 rum
202 428 418 470 clauditur.
479 427 667 481 Spatium
700 429 779 470 loci
809 432 1030 472 ducentum
1063 433 1275 489 jugerum,
1304 443 1319 463 ⁴
1337 437 1531 481 Hiericus

75 487 239 532 dicitur.
283 487 331 526 ln
352 486 399 527 ea
420 488 527 527 valle
548 487 668 542 sylva
688 497 763 538 est,
779 497 817 527 et
833 490 1014 530 ubertate
1030 499 1069 531 et
1086 494 1316 534 amoenitate
1332 494 1528 551 insignis;

73 553 88 570 ²
103 545 305 601 siquidem
322 546 501 598 palmeto
517 554 555 585 et
571 547 874 598 opobalsameto
890 547 1168 604 distinguitur.
1227 553 1410 594 Arbores
1425 570 1529 610 opo-

73 603 246 645 balsami
259 603 437 644 formam
458 610 472 632 ⁵
484 602 664 643 similem
677 603 804 657 piceis
819 605 1032 648 arboribus
1046 609 1210 660 habent,
1222 609 1298 651 nisi
1312 611 1420 665 quod
1434 623 1529 656 sunt

73 662 250 703 humiles
286 664 433 718 magis,
462 671 504 702 e't
523 662 565 702 in
586 662 798 703 vinearum
819 678 975 704 morem
996 668 1253 708 excoluntur.
1316 670 1393 710 Hae
1415 682 1528 717 certo

72 721 167 761 anni
189 722 617 775 tempore-balsamum
631 723 789 763 sudant.
820 722 839 747 ¹³
857 722 936 763 Sed
952 738 1032 764 non
1047 725 1181 765 minor
1196 726 1278 767 loci
1294 727 1382 780 ejus
1398 729 1527 782 ⁶apri-

71 779 205 819 citatis
219 780 346 835 quam
365 778 562 820 ubertatis
574 779 790 820 admiratio
803 789 861 820 est
876 798 888 829 ;
911 782 1082 836 quippe,
1096 783 1193 824 cum
1205 794 1289 824 toto
1305 787 1402 826 orbe
1414 787 1528 843 regi-

72 837 162 878 onis
183 838 270 892 ejus
292 837 594 879 ardentissimus
614 838 676 877 sol
695 837 762 887 sit,
782 837 843 878 ibi
863 840 990 893 tepidi
1004 841 1109 882 aeris
1127 843 1322 884 naturalis
1338 847 1529 898 quaedam

71 910 117 935 ac
131 906 326 949 perpetua
339 896 526 950 apricitas
541 897 657 937 inest.
690 896 737 936 In
751 897 796 936 ea
807 896 971 952 regione
988 899 1101 940 lacus
1112 902 1527 959 estAsphaltites‚qui

66 967 142 1008 pro
149 966 234 1007 pter
245 954 566 1011 magnitudinem
579 963 620 995 et
632 954 1252 1011 aquaeIimmobilitatemJIWare
1264 972 1452 1001 mortuum
1461 962 1527 1002 di.

71 1014 190 1053 citur.
213 1014 327 1054 Nam
340 1028 471 1068 neque
483 1013 614 1053 ventis
633 1023 834 1065 movetur,
848 1013 1056 1056 resistente
1073 1017 1304 1063 turbinibus
1322 1019 1525 1061 bitumine

71 1077 88 1096 ⁶
105 1086 186 1124 quo
208 1087 312 1126 aqua
348 1071 482 1112 omnis
521 1080 730 1127 stagnatur
747 1091 758 1121 3
800 1087 932 1128 neque
970 1074 1240 1130 navigationis
1269 1076 1427 1129 patiens
1446 1087 1524 1131 est,

68 1129 267 1185 quoniam
286 1130 425 1171 omnia
443 1129 526 1171 vita
544 1129 720 1171 carentIa
732 1129 773 1171 in
784 1132 1035 1184 profundum
1050 1143 1288 1190 merguntur
1298 1149 1314 1184 ;
1342 1151 1417 1177 nec
1433 1151 1523 1178 ma-

603 1247 651 1278 IN
654 1245 990 1281 TERPRETATIO.

110 1320 127 1341 ²
147 1322 224 1362 Quia
236 1323 377 1353 dividitur
386 1321 417 1352 in
430 1321 506 1352 duas
517 1328 631 1364 partes,
646 1331 778 1362 quarum
813 1321 868 1352 ιἸΙᾶ
882 1325 991 1365 regione
1006 1323 1047 1354 ibi
1059 1325 1167 1366 tepidus
1181 1331 1221 1357 est
1230 1328 1282 1357 αἷν
1290 1328 1444 1368 naturalis,
1454 1329 1524 1370 quia

68 1373 131 1397 una
141 1367 268 1406 palmas,
279 1368 372 1396 altera
387 1367 510 1396 balsama
527 1370 654 1396 continet.
813 1367 885 1396 locus
913 1373 953 1397 est
981 1374 1092 1409 opacus,
1112 1377 1242 1411 propter
1264 1371 1389 1402 arbores
1409 1371 1525 1414 quibit!

113 1408 131 1434 b
149 1409 206 1439 Sed
216 1411 264 1440 ille
277 1410 350 1439 locus
366 1421 416 1438 non
440 1409 530 1439 minsas
545 1416 585 1439 est
599 1407 776 1438 admirabilis
814 1408 957 1441 vestitur.

65 1457 188 1494 propter
202 1454 396 1494 apricitatem,
424 1450 506 1492 qucim
529 1458 650 1493 propter
665 1452 777 1481 uberta·
852 1451 872 1471 Β
905 1453 967 1492 Quo
989 1465 1065 1494 aqua
1085 1455 1173 1485 omnis
1197 1456 1363 1495 induratur,
1382 1469 1466 1500 neque
1486 1456 1525 1493 il)

68 1501 124 1526 tm
133 1509 145 1527 .-
168 1499 284 1538 quippe,
296 1495 357 1526 ci‘aem
372 1495 423 1526 Sol
434 1497 473 1526 sit
493 1497 704 1526 ardentissimus
720 1494 778 1525 toni
812 1503 850 1524 eo
865 1494 934 1526 lacu
943 1502 1061 1538 possunt
1073 1499 1136 1529 duci
1147 1510 1246 1532 naves.

695 1605 770 1638 No
788 1605 881 1638 TAE.

115 1700 143 1728 1.
160 1696 362 1741 opobalsami]
396 1695 642 1740 Opobalsamum
657 1707 715 1739 pro
730 1704 794 1754 ab!
808 1710 853 1727 um
874 1699 927 1728 loci
947 1697 1091 1729 ducentilm
1102 1697 1241 1741 jugerz‘lm
1255 1698 1367 1731 Ierfcus
1394 1700 1524 1736 dicituro

69 1739 157 1776 bore,
183 1740 354 1772 balsamum
383 1751 440 1783 pro
467 1739 604 1782 lacryma
620 1751 672 1771 seu
688 1751 778 1771 succo
808 1739 859 1771 vel
875 1741 960 1783 quod
976 1741 1135 1772 theatrum
1152 1741 1278 1782 Strabo,
1303 1753 1410 1774 arcum
1425 1744 1524 1776 Iusti—

67 1783 188 1814 arboris
201 1783 315 1825 posuit.
362 1784 435 1815 Non
450 1785 493 1815 ita
515 1791 621 1815 tamen
645 1783 777 1825 loquun-

66 1833 122 1857 tur
138 1828 293 1858 Auctores
320 1826 481 1869 plerique;
516 1837 589 1857 nam
619 1825 778 1869 opobalsa-

67 1878 156 1900 mum
173 1877 219 1900 est
233 1871 318 1912 quasi
334 1871 400 1904 baras
416 1871 453 1901 τῦ
466 1871 623 1909 βαλσάμε.

113 1916 142 1943 2.
156 1913 194 1943 In
209 1913 253 1943 his
263 1913 371 1943 tantz‘mn
383 1913 564 1955 regionibus]
589 1912 701 1943 Primis
711 1913 778 1955 qui-

68 1953 143 1985 dem
159 1955 354 1996 temporibus
368 1956 400 1986 id
416 1956 601 1997 contigerit;
625 1957 782 1996 posteriol

69 1997 157 2028 ribus
182 1999 267 2030 certe
296 1998 466 2030 balsamum
483 1998 514 2029 in
531 1998 649 2029 Arabia
667 2001 778 2029 Pausa—

68 2040 136 2071 nias
156 2048 187 2071 et
204 2040 332 2077 Plinius,
361 2042 392 2072 in
415 2043 562 2083 AEgypto
579 2041 778 2077 Claudianus,

69 2083 155 2124 apud
170 2083 294 2114 Sabaeos
309 2083 430 2115 Solinus
441 2085 523 2114 nasci
533 2093 686 2115 testantur
699 2097 706 2114 t
724 2084 777 2115 ubi

69 2126 153 2157 enim
165 2127 272 2157 Judaea
285 2127 420 2158 Romani
431 2127 524 2168 potiti
534 2134 615 2163 sunt,
625 2138 777 2169 propaga.

67 2175 101 2200 ta
115 2176 160 2199 est
174 2169 344 2201 admodum
359 2169 427 2200 haec
438 2170 555 2200 arboris
569 2170 692 2212 species.

112 2216 144 2242 3.
162 2214 296 2254 IVamque
310 2212 424 2255 wollin]
466 2211 599 2244 Duobus
612 2213 643 2243 in
668 2212 778 2251 hortis,

65 2253 166 2286 altero
187 2255 335 2296 jugerum
358 2256 481 2297 viginti,
503 2256 684 2298 pauciorum
700 2255 776 2286 alte-

67 2307 116 2335 ro,
138 2297 310 2329 balsamum
326 2298 357 2329 in
375 2297 482 2330 Judaea
510 2308 646 2329 crescere
667 2298 777 2335 voluit,

71 2340 192 2371 Plinius
221 2342 326 2383 Prope
357 2340 537 2372 Jerichunta
552 2341 582 2371 in
599 2341 679 2371 valle
708 2341 772 2372 feli-

67 2394 135 2419 cem
152 2383 234 2415 hunc
249 2395 395 2426 campum
409 2384 498 2426 ponit
509 2383 638 2414 Strabo:
665 2392 695 2414 at
708 2395 774 2425 spa-

70 2425 150 2458 tium
167 2427 242 2458 dicit
256 2426 349 2458 fuisse
371 2427 542 2457 stadiorum
566 2436 691 2458 centum
715 2427 773 2458 hoc

70 2476 117 2500 est
143 2477 356 2502 trecentorum
383 2467 553 2512 jugerfim3
587 2470 638 2499 sed
656 2470 775 2500 Plinius

68 2509 230 2543 balsameti
273 2521 371 2544 artem
397 2513 552 2554 exiguam,
584 2513 721 2543 justinus
743 2520 774 2544 et

69 2553 194 2594 Strabo,
218 2566 239 2585 v
270 2556 306 2587 lis
320 2555 510 2588 Jerichuntis
522 2555 773 2596 magnitudinem

70 2596 259 2640 intelligunt.

113 2644 142 2670 4.
156 2641 283 2672 Nomine
296 2655 379 2673 arcus
394 2639 521 2682 elicitum]

70 2683 220 2720 Hiericus,
232 2694 269 2715 ex
283 2693 388 2716 mente
402 2683 568 2715 Strabonis.
612 2683 775 2715 Salmasius

69 2726 100 2756 in
116 2725 221 2758 Solino
233 2726 315 2759 hunc
329 2727 435 2760 locum
446 2726 487 2758 sic
499 2726 654 2766 restituit;
675 2727 776 2773 Spati-

564 2641 648 2671 Bene
664 2640 776 2672 dixeris

809 1794 866 1814 nus
881 1783 1018 1826 appellat
1034 1784 1076 1815 ob
1091 1783 1151 1815 loci
1166 1784 1412 1817 similitudinem.

852 1830 881 1858 5.
895 1828 1022 1858 Similem
1031 1830 1120 1870 plcet‘s
1131 1828 1306 1870 arboribus-,J
1341 1828 1523 1862 Balsamum

810 1869 885 1900 dicit
901 1870 1066 1901 Pausanias
1087 1870 1127 1901 ad
1150 1870 1248 1912 myrti
1269 1872 1522 1913 magnitudinem

809 1912 968 1952 accedere,
1006 1913 1062 1944 sub
1096 1913 1182 1954 cujus
1212 1913 1323 1944 umbra
1344 1915 1522 1948 innumerae

809 1955 986 1997 apricantur
1001 1957 1129 1998 viperae,
1143 1967 1213 1998 quae
1227 1956 1346 1998 liquore
1357 1958 1422 1999 ejus
1430 1957 1522 1989 alun-

809 2006 861 2028 tur
875 1999 1066 2030 suavissimo.
1109 1999 1141 2030 Si
1163 2006 1268 2030 tamen
1285 1999 1429 2031 Straboni
1453 2011 1521 2032 cre-

809 2040 922 2079 dimus,
949 2042 1041 2072 arbor
1057 2041 1109 2075 illa
1131 2041 1260 2073 odorata
1281 2049 1339 2080 est,
1357 2042 1522 2082 fruticosa,

808 2084 906 2124 cytiso
921 2092 953 2116 et
968 2083 1146 2116 terebintho
1162 2084 1337 2126 persimilis.
1383 2087 1519 2118 Succum

808 2128 874 2167 ejus
890 2138 946 2169 per
961 2127 1109 2159 corticem
1126 2128 1143 2159 ὲ
1158 2136 1271 2158 trunco
1285 2127 1394 2159 multis
1410 2128 1521 2160 vulne-

808 2169 892 2200 ribus
907 2180 1085 2212 expressum
1099 2171 1179 2201 vasis
1199 2171 1378 2215 suscipiunt,
1402 2171 1456 2214 qui
1471 2179 1519 2204 te-

807 2212 876 2243 naci
891 2211 964 2243 lacti
979 2224 1041 2243 non
1056 2212 1204 2244 absimilis
1218 2221 1273 2244 est.

849 2259 878 2286 6.
900 2255 1102 2298 Apricitati:.]
1144 2257 1172 2286 Is
1194 2256 1278 2287 locus
1299 2256 1422 2298 apricus
1443 2256 1520 2288 dici-

807 2306 869 2335 tur,
889 2312 924 2329 ex
947 2299 1052 2333 Solirm,
1067 2309 1129 2329 non
1142 2299 1195 2340 qui
1210 2298 1274 2329 Soli
1288 2300 1448 2341 oppositus
1469 2301 1520 2338 sit,

806 2341 860 2371 sed
873 2341 928 2383 qui
943 2341 1005 2372 Soli
1021 2341 1133 2372 orienti
1144 2341 1303 2381 obversus,
1314 2342 1422 2384 tepido
1434 2343 1518 2375 calo-

806 2383 832 2414 ri
846 2391 878 2415 et
894 2391 1080 2426 temperato,
1095 2394 1156 2415 non
1172 2384 1341 2416 immodico
1356 2393 1473 2428 pateat.

846 2429 877 2458 7.
892 2428 990 2457 Mare
1003 2427 1165 2469 mortuum]
1206 2429 1309 2458 Lacus
1322 2428 1519 2470 estgAsphal-

806 2469 887 2505 tites.
908 2469 962 2500 ubi
977 2470 1053 2501 olim
1070 2470 1208 2501 Sodomo
1227 2477 1258 2501 et
1271 2471 1450 2504 Gomorrha
1462 2472 1518 2513 qui

806 2512 889 2542 lacus
904 2522 958 2543 nec
974 2513 1080 2555 pisces,
1098 2523 1154 2543 nec
1169 2519 1302 2544 assuetas
1322 2514 1409 2555 aquis
1425 2514 1518 2545 volu·

806 2565 882 2592 cres,
895 2555 1023 2598 patitur,
1047 2554 1234 2598 nullumque
1249 2556 1432 2587 animalium
1447 2567 1516 2588 cor-

806 2608 882 2640 pus;
907 2599 990 2629 unde
1005 2598 1100 2638 fama,
1120 2598 1197 2629 nihil
1220 2599 1252 2629 in
1274 2609 1311 2629 eo
1326 2599 1436 2641 mergi.
1479 2601 1517 2632 ln

805 2651 879 2671 eum
895 2641 1044 2672 Iordanes
1057 2641 1172 2673 fluvius
1185 2640 1300 2684 influit,
1314 2649 1347 2675 et
1360 2648 1518 2677 torrente&

806 2686 929 2722 Arnon,
943 2684 1062 2723 Dibon,
1079 2685 1143 2718 &a

75 385 170 426 quae
186 368 391 411 continuis
412 369 635 418 montibus,
666 372 778 410 velut
806 386 924 411 muro
946 375 1138 428 quodam,
1168 381 1217 417 ad
1237 377 1363 419 instar
1383 391 1531 422 castro-
1547 363 1601 437 ἔ
1595 376 1647 395 are
1658 375 1735 398 ’ΒΨ

1580 419 1638 439 um·
