1903 3076
101 630 213 660 Bellum
229 629 257 657 in

99 672 229 701 Siciliam

101 715 289 754 tranfirtur.

106 973 197 1003 AM.
207 977 300 1005 3639.

105 1013 158 1045 01.
174 1019 224 1046 91.
238 1020 266 1045 22.

104 1057 301 1089 Urb.C.ss;8.

107 1102 220 1132 Anne.
229 1105 299 1132 413.

881 207 1117 262 JUSTINI

303 287 463 340 auxilii,
481 294 680 328 tentarent
710 287 862 330 Siciliae
882 289 1118 344 imperium.
1177 288 1237 331 Et
1257 289 1452 345 quoniam
1470 288 1606 344 prima
1623 289 1756 343 initia,

303 347 535 401 frequenter
551 345 662 387 caesis
674 346 874 398 hostibus,
889 363 1082 401 prospera
1097 348 1277 397 fuerant;
1301 348 1455 401 majore
1470 348 1602 389 denuo
1614 350 1757 402 classe,

305 414 344 445 et
374 404 597 444 robustiore
627 405 825 456 exercitu,
854 407 1030 446 Lachete
1050 414 1089 445 et
1113 405 1314 460 Chariade
1350 406 1539 458 ducibus,
1571 406 1757 448 Siciliam

305 461 488 515 petivere
507 478 515 502 :
547 463 616 502 sed
640 461 911 513 Catinienses,
944 464 1030 504 sive
1048 461 1160 503 metu
1178 463 1510 514 Atheniensium,
1530 463 1615 505 sive
1635 464 1759 505 taedio

307 519 423 570 belli,
445 534 587 573 pacem
606 534 701 560 cum
723 520 1002 575 Syracusanis,
1034 519 1216 562 remissis
1235 521 1552 562 Atheniensium
1577 521 1760 574 auxiliis,

309 577 510 618 fecerunt.
766 596 770 597 ⁷

370 635 501 676 CAP.
524 635 609 676 IV.
642 635 859 690 Interjecto
889 636 1032 678 deinde
1051 645 1252 690 tempore,
1271 637 1365 677 cum
1386 637 1484 679 fides
1503 638 1614 691 pacis
1634 638 1658 677 ὲ
1678 639 1759 694 Sy..

312 693 516 734 racusanis
537 709 620 734 non
639 703 881 745 servaretur,
912 695 1070 735 ¹¹denuo
1090 697 1244 750 legatos
1261 696 1448 735 Athenas
1483 695 1665 746 mittunt,
1683 695 1758 751 qui

313 751 472 795 sordida
499 760 624 803 veste,
654 751 1048 808 capillo-barbaque
1078 753 1302 806 promissis,
1333 762 1372 793 et
1391 753 1531 793 ²omni
1562 753 1763 807 squaloris

311 809 454 851 habitu
475 812 525 850 ad
545 809 865 850 misericordiam
891 813 1227 853 commovendam
1247 810 1494 865 conquisito,
1523 812 1762 852 concionem

311 868 514 907 deformes
545 869 717 908 adeunt:
762 870 962 909 adduntur
992 869 1179 922 precibus
1207 869 1415 923 lacrymae,
1447 878 1486 909 et
1513 868 1572 910 ita
1600 867 1761 910 miseri-

313 927 475 965 cordem
497 926 697 978 populum
716 926 920 979 supplices
951 926 1135 978 movent,
1156 936 1199 967 ut
1219 928 1503 967 damnarentur
1529 929 1669 977 duces,
1688 925 1761 982 qui

314 984 364 1022 ab
385 982 448 1023 his
470 983 626 1023 auxilia
651 985 913 1024 deduxerant.
972 985 1104 1040 Igitur
1137 988 1151 1005 ²
1167 984 1304 1025 classis
1335 985 1476 1040 ingens
1506 984 1761 1026 decernitur:

314 1050 497 1080 creantur
517 1042 639 1082 duces
659 1042 822 1091 Nicias,
842 1050 883 1081 et
903 1041 919 1068 ³
933 1042 1190 1093 Alcibiades,
1210 1052 1249 1082 et
1271 1044 1525 1091 Lamachus;
1557 1043 1765 1097 tantisque

312 1098 470 1139 viribus
492 1098 633 1140 Sicilia
647 1098 860 1152 repetitur,
871 1109 916 1140 ut
928 1100 1027 1154 ipsis
1039 1100 1180 1140 terrori
1197 1110 1340 1150 essent,
1357 1100 1400 1140 in
1415 1116 1592 1155 quorum
1609 1100 1766 1140 auxilia

311 1157 593 1197 mittebantur.
663 1156 788 1198 Brevi
818 1167 911 1210 post
939 1168 1135 1212 tempore,
1166 1163 1379 1199 ⁴revocat0
1415 1162 1463 1199 ad
1498 1170 1651 1199 reatum
1684 1159 1766 1198 Al-

314 1214 489 1264 cibiade,
523 1216 606 1255 duo
640 1215 781 1268 praelia
827 1216 1026 1269 pedestria
1070 1218 1243 1257 secunda
1285 1216 1434 1257 Nicias
1465 1226 1505 1257 et
1535 1217 1768 1257 Lamachus

313 1272 495 1312 faciunt:
529 1273 825 1313 munitionibus
855 1274 999 1314 deinde
1027 1273 1299 1325 circumdatis,
1329 1277 1462 1315 hostes
1493 1275 1618 1315 etiam
1638 1273 1764 1314 mari-

313 1329 377 1370 nis
398 1331 692 1372 commeatibus
722 1331 765 1371 in
794 1334 894 1372 urbe
924 1334 1080 1373 clausos
1109 1332 1396 1373 intercludunt.
1456 1333 1619 1387 Quibus
1646 1335 1769 1375 rebus

314 1387 433 1428 fracti
455 1391 468 1415 ⁵
481 1389 743 1442 Syracusani,
762 1390 964 1430 auxilium
987 1390 1010 1430 a
1031 1390 1355 1431 Lacedaemoniis
1370 1390 1615 1443 petiverunt.
1661 1391 1769 1431 ⁶Ab

315 1445 381 1486 his
416 1445 589 1487 mittitur
619 1447 834 1503 Gylippus
872 1449 995 1500 solus,
1040 1447 1144 1489 bsed
1174 1448 1246 1503 qui
1275 1447 1403 1489 instar
1432 1448 1618 1489 omnium
1649 1448 1768 1489 auxi-

315 1503 470 1547 liorum
482 1513 579 1547 erat.
627 1504 668 1545 Is
691 1505 827 1546 audito
842 1505 886 1545 in
906 1506 1049 1547 itinere
1070 1506 1170 1547 belli
1187 1508 1271 1559 jam
1294 1505 1490 1547 inclinato
1511 1515 1631 1558 statu,
1651 1505 1768 1546 auxi-

317 1561 387 1601 liis
409 1561 559 1614 partim
588 1562 631 1603 in
652 1563 834 1611 Graecia,
870 1563 1080 1617 partimin
1103 1564 1243 1605 Sicilia
1276 1565 1506 1615 contractis,
1541 1575 1771 1618 opportuna

317 1620 430 1659 bello
450 1620 541 1660 loca
557 1630 742 1674 occupat.
803 1623 982 1663 Duobus
1012 1622 1156 1663 deinde
1187 1623 1338 1675 praeliis
1357 1623 1502 1671 victus,
1531 1637 1771 1677 congressus

317 1677 458 1727 tertio,
479 1678 852 1731 occisoLamacho,
886 1689 924 1719 et
954 1683 1086 1721 hostes
1108 1680 1150 1721 in
1171 1681 1312 1735 fugam
1342 1681 1558 1733 compulit,
1578 1691 1616 1721 et
1637 1680 1769 1721 socios

319 1735 537 1775 obsidione
557 1735 760 1777 liberavit.
835 1739 914 1778 Sed
936 1739 1031 1779 cum
1054 1740 1327 1787 Athenienses
1347 1739 1370 1777 a
1393 1740 1500 1779 bello
1522 1738 1696 1779 terrestri
1725 1738 1769 1777 in

320 1793 462 1833 navale
493 1809 533 1834 se
567 1795 874 1847 transtulissent,
906 1796 1119 1851 Gylippus
1149 1798 1319 1836 classem
1351 1797 1643 1837 Lacedaemone
1674 1810 1770 1835 cum

321 1851 487 1904 auxiliis
518 1851 703 1893 arcessit:
748 1869 833 1909 quo
869 1853 1046 1909 cognito,
1076 1863 1114 1895 et
1146 1854 1225 1908 ipsi
1255 1854 1529 1898 Athenienses
1556 1854 1600 1894 in
1629 1854 1770 1900 locum

858 1963 1238 2006 lNTERPRETATIO.

365 2037 382 2056 a
400 2038 499 2068 Induit
511 2039 615 2069 vestitu
630 2038 736 2070 071εηὶηό
749 2041 886 2081 squallido
900 2047 926 2072 et
940 2043 1035 2072 idonea

323 2081 363 2111 ad
377 2083 597 2112 misericordiam
611 2084 798 2114 excitandam.

1109 2041 1211 2115 bnlSJed
1221 2041 1270 2083 qui
1283 2040 1315 2072 ob
1329 2041 1466 2072 virtutem
1476 2039 1634 2083 praestabat
1649 2039 1771 2072 omnibus

1067 2096 1138 2115 aux!
1150 2097 1193 2115 115·

969 2162 1134 2193 NOTAE.

361 2227 398 2267 J·
415 2222 512 2254 Demi)
527 2224 653 2266 legatos]
683 2226 755 2256 Non
771 2235 828 2265 pro
852 2225 1032 2257 Catiniensi-

326 2264 384 2296 bus
391 2264 514 2296 classem
522 2275 531 2296 t
538 2277 593 2297 unc
600 2267 722 2297 missam
731 2267 1037 2308 affirmantThucyd.

327 2316 359 2339 ct
376 2307 469 2338 Diod.
486 2309 538 2344 sed
560 2319 617 2349 pro
632 2310 831 2350 AEgesthaeis,
855 2310 908 2352 qui
928 2310 1002 2341 victi
1018 2311 1034 2342 a

329 2350 507 2386 Selinuntiis
521 2351 670 2382 auxilium
684 2353 846 2393 petierant,

372 2396 401 2422 Q.
425 2394 532 2422 Classis
555 2396 648 2433 ingens
668 2395 848 2437 decernitur]
895 2397 1035 2427 Auctore

328 2434 506 2472 Alcibiade,
527 2437 580 2466 sed
603 2436 701 2467 invito
719 2436 820 2469 Nicia.
876 2438 1036 2469 Triremes

329 2484 418 2507 crant
430 2484 557 2509 atmatae
571 2486 695 2509 centum
710 2480 946 2521 quinquaginta,
956 2481 1035 2511 mili-

332 2526 400 2549 tnm
411 2526 529 2561 septem
543 2521 639 2551 millia
650 2532 686 2552 ex
700 2523 785 2552 Diod.
810 2523 940 2553 Veloces
950 2530 1036 2554 erant

330 2563 790 2604 sexaginta3quadraginta‚quae
798 2565 928 2595 militem
935 2566 1039 2607 gravis

332 2612 498 2639 armaturae
506 2605 667 2636 veherent:
681 2607 820 2646 peditum
828 2615 961 2648 quatuor
969 2608 1039 2639 mil-

334 2646 387 2681 lia,
401 2647 521 2687 eq'uitcs
536 2649 678 2686 trecenti,
693 2659 728 2679 ex
746 2651 871 2691 Thucyd.

382 2694 412 2719 3.
436 2691 618 2732 Alcibiaden]
663 2691 773 2722 Cliniae
799 2691 891 2728 filius,
912 2693 1043 2724 Socratis

1068 2226 1109 2257 ita
1132 2226 1308 2267 praestabat,
1331 2232 1366 2258 ut
1381 2226 1459 2258 nibil
1482 2237 1519 2257 eo
1533 2225 1586 2257 vel
1600 2225 1630 2257 in
1646 2225 1772 2258 virtuti·

1068 2268 1134 2305 bus,
1148 2269 1198 2300 vel
1213 2269 1243 2299 in
1260 2269 1341 2300 vitiis
1352 2269 1549 2301 excellentius
1562 2269 1665 2299 fuerit.

1110 2315 1140 2341 4.
1154 2313 1294 2342 Remeato
1309 2315 1348 2342 ad
1361 2311 1493 2354 reatum]
1515 2311 1690 2342 Postulatus
1704 2318 1772 2342 erat

1068 2360 1097 2384 et
1113 2353 1262 2385 affectata>
1284 2355 1467 2395 tyrannidiS,
1487 2353 1572 2396 quod
1588 2353 1703 2384 multos
1715 2353 1774 2384 sibi

1068 2396 1250 2427 liberalitate
1267 2396 1462 2433 devinxisset,
1473 2404 1503 2427 et
1513 2395 1676 2437 sacrilegii,
1687 2395 1774 2436 qubd

1067 2439 1097 2468 in
1114 2439 1208 2470 dot-no
1225 2438 1286 2469 suti.
1299 2440 1447 2480 mysteria
1463 2439 1585 2471 Cereris
1605 2437 1774 2469 celebrasse

1067 2480 1254 2514 disceretur:
1267 2482 1320 2512 sed
1332 2482 1407 2512 dum
1419 2481 1557 2513 Athenas
1566 2480 1666 2511 redire
1677 2481 1775 2511 simu·

1068 2523 1120 2559 lat,
1140 2524 1277 2565 primum
1300 2524 1448 2561 Thurios,
1473 2531 1542 2555 tum
1563 2523 1699 2560 Elidem,
1719 2524 1775 2554 de-

1069 2566 1161 2607 niqne
1177 2566 1435 2598 Lacedaemonem
1449 2565 1549 2608 petiit.

1113 2612 1143 2641 5.
1158 2609 1354 2650 Syracusani.]
1393 2609 1454 2649 Qui
1470 2607 1647 2639 Selinuntiis
1667 2615 1776 2640 contra

1073 2651 1278 2682 Athenienses
1291 2651 1402 2682 auxilia
1416 2650 1564 2682 ferebant.

1116 2698 1146 2725 6.
1164 2696 1212 2726 Ab
1226 2695 1270 2725 his
1285 2693 1435 2735 minitata]
1457 2695 1497 2725 Et
1507 2691 1610 2724 auxilii
1621 2692 1779 2732 mittendi,

338 2737 368 2760 et
384 2732 499 2762 amicus
510 2739 540 2763 ct
552 2733 1044 2775 discipulus,quiAtheniensibus
1075 2744 1105 2766 et
1144 2736 1288 2768 Atticam
1332 2736 1499 2768 invadendi
1533 2735 1779 2768 Lacedaemoniis

337 2773 487 2808 omnibus
497 2776 724 2819 tunicorporiS,
734 2784 801 2808 tum
817 2778 911 2808 animi
923 2777 1046 2809 dotibus
1075 2786 1182 2810 auctor
1196 2779 1255 2811 fuit
1269 2778 1458 2812 Alcibiades.

1891 2372 1900 2423 ἰ

1878 2448 1895 2550 3

1883 2517 1903 2905 i

1891 2310 1903 2377 i
