1903 3076
573 170 685 215 LIB.
716 169 825 215 XX.
889 172 1020 217 CAP.
1041 174 1101 216 Π.

109 246 128 276 ’
141 251 422 299 Thurinorum
440 252 586 294 urbem
623 252 851 294 condidisse
899 259 915 278 ²
937 255 1190 296 Philocteten
1226 255 1376 308 ferunt,
1418 257 1564 315 ibique

113 314 245 353 adhuc
275 319 587 353 monumentum
624 312 712 364 ejus
752 312 923 353 visitur:
957 323 996 354 et
1015 315 1212 356 Herculis
1231 316 1389 370 sagittae
1416 317 1460 358 in
1488 320 1560 359 A·

111 369 279 424 pollinis
298 370 465 423 templo,
485 384 575 423 quae
597 369 727 417 fatum
749 370 887 424 Trojae
907 371 1038 412 fuere.
1405 422 1408 427 Ι

173 427 302 469 CAP.
335 427 394 467 II.
455 431 469 456 ³
486 427 760 481 Metapontini
781 443 943 484 quoque
961 429 1003 469 in
1022 429 1179 482 templo
1197 430 1403 472 Minervae
1423 432 1550 474 ferra·
1568 435 1755 487 Afefaponqi-

111 494 262 536 menta,
298 484 452 540 quibus
479 490 494 511 ⁴
510 485 666 538 Epeus,
686 486 710 525 ὲ
730 501 810 540 quo
833 487 984 528 conditi
1015 497 1123 537 sunt,
1151 503 1302 542 equum
1323 491 1551 543 Trojanum
1565 490 1663 551 ”5⁷²⁸ss
1676 491 1766 521 ”¹3⁰³

110 542 342 592 fabricavit,
363 552 574 584 ostentant.
623 544 792 597 Propter
809 548 917 599 quod
931 545 1062 586 omnis
1081 545 1153 585 illa
1165 560 1257 599 pars
1275 547 1418 596 Italiae,
1438 554 1454 578 ⁵
1468 564 1551 589 ma·
1565 532 1578 550 ε
1603 523 1647 561 fa
1661 534 1690 552 α’

105 601 173 656 j0r
186 600 352 642 Graecia
371 601 573 654 appellata
592 611 665 643 est.
727 603 805 642 Sed
828 602 1030 657 principio
1046 603 1254 658 originum
1275 605 1552 658 Metapontini

108 673 205 700 cum
242 659 527 713 ⁶Sybaritanis
548 668 589 701 et
617 665 632 689 ⁷
650 659 987 702 Crotoniensibus
1008 661 1158 714 pellere
1193 673 1359 704 caeteros
1382 663 1553 705 Graecos

107 715 230 758 Italis
249 716 488 758 statuerunt.
551 718 661 758 Cum
691 717 871 771 primum
902 720 1048 759 urbem
1077 719 1234 760 ⁸Sirim
1265 722 1480 775 cepissent,
1510 722 1553 762 in

107 775 409 830 expugnatione
429 775 516 829 ejus
535 776 829 830 quinquaginta
845 776 1016 830 juvenes
1036 777 1250 830 amplexos
1270 779 1475 821 Minervae
1495 781 1554 821 si-

105 834 384 886 mulachrum,
403 835 734 888 sacerdotemque
754 836 838 875 deae
859 836 1042 875 velatum
1065 838 1325 887 ornamentis,
1346 837 1450 878 inter
1465 838 1554 891 ipsa

106 890 249 932 altaria
268 891 586 933 trucidaverunt.
647 893 713 932 Ob
733 895 820 933 haec
840 892 935 932 cum
959 901 1068 945 peste
1087 903 1124 932 et
1145 894 1410 936 seditionibus
1426 911 1553 936 vexa-

106 958 261 999 rentur,
303 949 457 1003 priores
496 949 783 991 Crotonienses
822 951 1080 1003 Delphicum
1110 954 1321 992 oraculum
1351 953 1554 994 adierunt.

107 1006 368 1061 Responsum
385 1007 449 1049 his
469 1017 542 1058 est,
575 1008 698 1062 finem
717 1009 815 1050 mali
826 1010 937 1064 fhre,
965 1008 1002 1048 si
1035 1008 1219 1049 violatum
1248 1010 1448 1052 Minervas»
1482 1028 1556 1052 mt-

106 1080 189 1106 men
208 1076 245 1106 et
263 1065 545 1122 interfectorum
563 1082 687 1107 manes
710 1068 936 1124 placatssent.
998 1067 1158 1121 Itaque,
1182 1068 1277 1108 cum
1309 1079 1456 1110 statuas
1484 1071 1555 1123 ju-

105 1123 282 1164 venibus
309 1125 426 1177 justae
447 1124 755 1180 magnitudinis,
785 1132 825 1166 et
842 1124 1049 1178 imprimis
1081 1129 1096 1153 ⁹
1114 1125 1315 1166 Minervae
1347 1127 1550 1168 fabricare

107 1181 339 1235 coepissent,
368 1191 384 1209 ²
400 1182 691 1236 Metapontini,
713 1184 876 1239 cognito
896 1184 1059 1223 oraculo
1078 1185 1259 1234 deornm,
1276 1188 1556 1238 occupandam

105 1239 292 1280 manium
311 1250 350 1281 et
369 1243 454 1281 deae
474 1255 617 1294 pacem
636 1241 728 1291 rati,
746 1242 968 1295 juvenibus
988 1241 1150 1282 modica
1173 1254 1211 1282 et
1232 1242 1392 1295 lapidea
1422 1244 1552 1284 simu·
1589 1267 1598 1285 s

105 1298 246 1341 lachra
273 1308 447 1353 ponunt,
477 1309 515 1340 et
534 1301 651 1340 deam
683 1304 717 1322 ²0
731 1299 928 1354 panificiis
949 1300 1123 1353 placant.
1185 1303 1325 1356 Atque
1346 1301 1402 1341 ita
1422 1302 1548 1356 pestis

1706 190 1794 226 177

630 1416 1013 1448 INTERPRETATIO.
1057 1395 1067 1399 ἱ

150 1491 167 1513 ²
185 1491 393 1534 Metapontini,
420 1491 524 1531 cognito
549 1496 674 1529 responso
699 1491 807 1520 deorum
844 1495 952 1519 statuas
970 1490 1125 1531 juvenibus
1141 1497 1257 1532 parvas
1283 1499 1310 1523 et
1319 1493 1423 1533 saclas
1444 1507 1479 1524 ex
1500 1495 1547 1525 la-

101 1535 220 1576 psacane
247 1536 324 1565 deam
354 1533 546 1569 Minervam,
565 1531 723 1563 offerendo
741 1533 807 1572 pla·
843 1533 920 1572 pide,
940 1532 1080 1563 volentes
1107 1534 1238 1572 obtinere,
1262 1535 1346 1575 prius
1374 1535 1468 1576 quam
1497 1537 1548 1568 alii

104 1585 196 1609 centa:
210 1589 245 1609 ex
260 1584 337 1620 pane
349 1584 375 1609 ee
394 1578 465 1607 tacte
477 1577 626 1618 confectas,
649 1583 675 1606 et
697 1577 808 1617 erigunt
843 1582 940 1616 pacem
950 1574 967 1604 a
977 1577 1038 1612 dea,
1050 1582 1076 1605 et
1090 1578 1191 1608 animis
1205 1578 1376 1609 occisorum
1387 1579 1548 1620 juvenum.

735 1689 917 1722 NOTAE.

150 1773 176 1801 1.
200 1769 394 1801 Thurinorum
407 1767 529 1810 urbem]
571 1767 662 1799 Prius
676 1765 810 1808 Sybaris,

105 1811 343 1844 inde‘rhurium
359 1819 391 1843 et
401 1811 515 1842 Thurii
526 1817 718 1851 nuncupata:
736 1809 808 1840 urbs

104 1865 228 1897 magnae
245 1854 375 1886 Graeciae
387 1854 424 1884 ad
441 1864 527 1884 oram
539 1852 621 1884 sinfis
634 1852 809 1888 Tarentini,

105 1898 188 1929 inter
201 1898 278 1928 ostia
293 1896 418 1938 Sybaris
431 1895 519 1927 fluvii
534 1903 564 1926 et
581 1896 693 1927 eratis.

149 1944 177 1971 ⁴2.
193 1938 387 1981 Philonem]
404 1939 548 1970 ‘Paeantis
561 1937 660 1973 filium
676 1937 725 1968 cui
739 1947 804 1968 mo-

104 1984 187 2014 riens
201 1982 232 2013 in
248 1981 329 2013 Oeta
342 1981 494 2013 Hercules
518 1980 695 2023 pharetram
710 1980 806 2019 dedit,

104 2034 136 2057 et
151 2026 278 2067 sagittas
290 2025 400 2056 tinctas
410 2024 517 2065 hydrae
530 2025 693 2065 sanguine:
711 2033 805 2063 quare

104 2070 178 2099 cum
193 2068 300 2107 Trojae
323 2066 426 2098 clades
452 2065 490 2097 ab
512 2066 572 2096 illis
593 2065 710 2107 sagittis
731 2075 803 2106 pen-

104 2110 206 2148 deret,
233 2109 420 2141 Philoctetes
435 2110 452 2140 ὲ
474 2110 597 2140 Lemno
625 2108 663 2138 ab
693 2108 804 2148 Ulyssu

100 2153 234 2194 Trojam
255 2152 405 2183 deductus
416 2151 528 2182 occidit
543 2150 686 2182 Paridem
701 2164 708 2181 :
732 2150 803 2181 cum

102 2196 180 2229 vexo
217 2193 437 2226 immedicabili
472 2193 599 2224 vulnere
628 2193 698 2224 ideo
726 2200 803 2223 esset

101 2238 241 2274 affectus,
266 2237 352 2280 quod
366 2236 522 2267 ÷Herculis
547 2236 703 2266 tumulum
725 2235 804 2276 pede

100 2280 272 2320 indicasset,
285 2280 316 2311 in
329 2279 505 2311 Calabriam
513 2289 544 2310 se
553 2279 702 2320 recipere,
710 2278 803 2320 quam

101 2324 134 2355 in
149 2323 281 2364 patriam
295 2323 408 2361 redire,
422 2321 542 2352 maluit.

144 2371 174 2397 3.
194 2365 415 2406 Metapontini]
442 2367 474 2395 A
492 2363 587 2405 Pyliis
600 2363 803 2405 Peloponnesi

102 2408 236 2451 populis,
264 2408 318 2449 qui
346 2418 418 2438 cum
449 2408 580 2438 Nestore
609 2405 648 2436 ab
678 2406 732 2437 llio
755 2418 801 2436 re-

102 2450 328 2488 deuntes,illuc
342 2448 542 2493 appulerunt,
569 2448 708 2480 conditos
735 2450 803 2480 vult

100 2494 214 2526 Strabo.
720 2504 726 2519 ι

80 2560 85 2569 ,
143 2540 175 2566 4.
187 2535 306 2578 Epeue]
348 2533 551 2575 Endymionis
565 2532 654 2572 filius,
676 2533 803 2566 arietem

102 2579 133 2609 in
149 2578 299 2614 machinis
313 2577 482 2608 muralibus
497 2577 623 2619 reperit,
640 2577 721 2608 unde
731 2577 802 2618 equi

102 2619 209 2662 lignei,
230 2629 294 2662 quo
306 2620 405 2661 Troja
419 2619 543 2662 prodita
558 2628 614 2656 est,
635 2619 802 2650 fabricator

101 2663 240 2704 fingitur.

141 2710 173 2738 5.
187 2707 298 2749 Ilsajor
311 2704 449 2748 Gratim]
470 2703 531 2738 Vel
541 2715 578 2736 ea
585 2714 656 2746 pars
665 2712 730 2737 erat
741 2705 800 2737 lta-

845 1766 905 1803 liae,
926 1778 995 1808 quae
1009 1768 1188 1806 Lucaniam,
1203 1769 1402 1812 Messapiam,
1419 1779 1450 1804 et
1465 1774 1545 1805 Bru-

845 1809 903 1840 tios
917 1811 1091 1842 continebat
1105 1823 1113 1847 ;
1137 1811 1187 1842 vel
1202 1823 1237 1842 ea
1252 1821 1373 1844 tantum
1383 1825 1453 1856 quae
1467 1817 1546 1847 Bru-

847 1853 905 1882 tios
930 1852 1010 1882 inter
1026 1862 1057 1883 et
1073 1853 1243 1885 Salentinos
1267 1857 1444 1888 extenditur
1457 1859 1497 1889 ad
1512 1870 1546 1890 o-

843 1905 910 1924 ram
925 1894 1006 1926 sinus
1021 1896 1182 1927 Tarentini
1197 1897 1336 1937 Syllacei.
1524 1906 1527 1908 “

884 1942 915 1968 6.
938 1939 1143 1980 Sybaritanis]
1179 1940 1312 1980 Sybaris,
1328 1950 1360 1973 et
1373 1941 1498 1981 fluvius,
1512 1951 1545 1976 et

843 1980 950 2011 civitas
963 1981 1002 2010 ad
1016 1981 1105 2012 fluvii
1120 1982 1231 2013 ostium
1247 1984 1303 2014 sita
1317 1995 1414 2026 prope
1423 1987 1546 2018 Taren-

844 2030 922 2059 tum,
948 2022 966 2054 ἔι
994 2024 1168 2054 Troezeniis
1190 2026 1322 2062 condita,
1350 2038 1388 2058 ex
1418 2029 1511 2060 Selino
1525 2030 1544 2061 i

843 2065 1096 2096 Crotoniensibus
1107 2065 1226 2099 deleta:
1240 2069 1318 2100 adeo
1330 2069 1444 2102 deliciis
1456 2080 1544 2103 erant

843 2108 948 2144 dediti,
963 2117 997 2139 ut
1012 2109 1043 2139 in
1060 2110 1185 2151 Adagio
1201 2122 1292 2141 mensa
1306 2113 1478 2154 Sybaritica.

882 2154 909 2182 7.
936 2152 1176 2195 Crotoniensibus]
1220 2154 1318 2185 Croto
1340 2155 1390 2186 vel
1406 2157 1545 2188 Crotone

840 2192 914 2223 urbs
940 2194 1118 2225 Brutiorum
1146 2195 1184 2225 ad
1199 2205 1284 2226 mare
1309 2198 1440 2235 Ionium,
1467 2199 1546 2231 olim

841 2235 967 2266 celebris
988 2236 1027 2266 ob
1050 2236 1170 2277 pugiles
1184 2245 1216 2268 et
1231 2239 1310 2269 aeris
1320 2239 1544 2280 salubritatem,

841 2279 922 2309 unde
933 2278 1021 2316 illud,
1039 2281 1153 2310 Cratone
1163 2281 1316 2315 salubrius.

883 2324 910 2350 8.
933 2321 1046 2362 Sirim]
1091 2324 1252 2364 Oppidum
1266 2335 1390 2365 magnae
1413 2328 1543 2359 Graeciae

841 2363 879 2394 ad
894 2364 1008 2394 ostium
1024 2365 1098 2394 Siris
1111 2365 1212 2406 fluvii,
1234 2367 1287 2408 qui
1309 2368 1341 2398 in
1362 2368 1463 2400 sinum
1478 2371 1542 2401 Ta-

840 2406 995 2436 rentinum
1010 2406 1122 2438 influit.

888 2453 915 2480 9.
939 2451 1092 2481 Minervae
1102 2451 1280 2494 fabricare]
1317 2452 1489 2484 Palladium
1504 2454 1544 2485 ad

845 2491 1050 2522 imitationem
1075 2493 1206 2534 Trojani
1227 2493 1410 2526 fabricatum
1423 2509 1432 2533 ;
1461 2498 1543 2528 unde

844 2541 928 2575 patet
943 2534 1023 2565 Sirin
1037 2535 1248 2576 Trojanorum
1263 2547 1327 2568 esse
1343 2538 1504 2569 coloniam.

886 2580 936 2607 10.
958 2577 1130 2620 Pang‘ficiis]
1172 2579 1293 2610 Rustici
1307 2579 1385 2611 lacte
1400 2580 1458 2612 diis
1471 2592 1543 2623 sup-

839 2617 953 2657 plicant
967 2627 999 2649 et
1016 2619 1104 2650 litant
1118 2619 1201 2651 mola
1214 2620 1300 2661 salsa,
1313 2623 1367 2664 qui
1378 2623 1469 2655 thura
1480 2634 1542 2663 non

839 2661 965 2700 habent,
979 2662 1080 2711 inqu}
1094 2664 1219 2695 Plinius.

1169 2747 1218 2789 N
