1903 3076
596 199 708 243 LIB.
739 198 777 242 Ι.
818 200 950 244 CAP.
979 199 1115 243 VIII.
1739 210 1789 246 13

190 282 325 328 CAP-
344 280 478 322 VIII.
511 278 684 338 *Cyrus
705 285 718 302 ¹
734 282 901 323 subacta
922 282 1048 334 Asis,
1075 291 1115 324 et
1134 282 1324 324 universo
1347 283 1517 324 Oriente
1537 281 1578 323 in
1595 283 1705 314 Bellum
1720 282 1792 325 Scy-

138 350 378 399 potestatem
397 342 574 391 redacte,
612 343 627 361 ²
644 340 811 395 Scythis
831 341 989 382 bellum
1009 341 1150 381 infert.
1209 342 1313 382 Erat
1331 357 1380 383 eo
1400 352 1580 395 tempore
1595 327 1737 399 YJX‘J'M

135 401 382 457 Scytharum
401 398 544 454 regina
564 399 792 454 ³Tamyris,
815 414 908 455 quae
921 414 1000 439 non
1019 399 1276 440 muliebriter
1297 403 1471 441 adventu
1492 403 1583 440 hos·
1597 394 1692 442 3516'.
1740 390 1748 399 ’

134 459 238 500 tium
259 457 415 509 territa,
436 457 534 498 cum
554 457 770 511 prohibere
783 472 851 499 eos
869 465 885 486 ⁴
898 457 1067 499 transitu
1080 457 1234 498 Araxis
1249 468 1399 512 posset,
1414 458 1581 499 transire
1597 455 1648 485 0¹·
1663 460 1713 508 ⁶⁰„-
1728 458 1780 508 st„

131 515 338 572 permisit,
358 526 398 558 et
419 515 499 558 sibi
512 515 742 556 faciliorem
757 531 941 570 pugnam
957 515 1062 557 intra
1076 516 1191 572 regni
1205 517 1268 556 sui
1278 517 1471 557 terminos
1482 524 1581 568 rata,
1595 496 1792 572 Ξζξὲἐὲἔζ

130 584 173 616 et
193 574 378 616 hostibus
399 574 564 629 objectu
581 572 763 615 fluminis
783 575 924 629 fugam
944 574 1233 614 difficiliorem.
1275 575 1419 630 Itaque
1443 575 1580 630 Cyrus

129 632 463 687 trajectiscopiis‚
475 631 572 673 cum
586 631 876 687 aliquantisper
888 631 931 672 in
946 632 1158 687 Scythiam
1171 634 1583 686 processisset‚castra

131 700 306 732 metatus
328 702 403 733 est.
439 689 549 733 Dein
569 690 730 744 postera
751 689 832 741 die,
853 705 947 731 cum
967 690 1160 732 simulato
1182 700 1308 742 metu,
1330 692 1447 746 quasi
1468 691 1582 731 refu-

133 748 247 804 giens
265 759 410 801 castra,
429 749 690 798 deseruisset,
711 754 727 772 ³
749 753 764 777 ⁵
780 748 867 788 vini
887 748 1056 797 affatim,
1076 760 1114 790 et
1133 765 1180 789 ea
1200 765 1292 805 quae
1313 750 1448 802 epulis
1468 757 1583 790 erant

130 808 374 858 necessaria,
390 807 577 863 reliquit.
608 808 729 863 Quod
748 805 846 847 cum
866 807 1100 848 nuntiatum
1120 807 1270 863 reginae
1284 817 1402 858 esset,
1422 809 1582 850 adoles-

133 867 345 909 centulum
360 866 507 917 filium,
521 867 570 908 ad
586 865 882 920 insequendum
893 880 987 905 eum
1003 880 1100 906 cum
1114 866 1229 906 tertia
1243 877 1353 920 parte
1368 867 1583 920 copiarum

134 923 276 966 mittit.
309 925 419 966 Cum
441 933 609 964 ventum
631 926 682 965 ad
705 923 809 979 Cyri
829 933 959 964 castra
976 931 1095 973 esset,
1123 924 1289 980 ignarus
1307 925 1366 965 rei
1385 924 1579 966 militaris
1612 928 1613 931 ’

134 982 384 1032 adolescens,
413 981 542 1023 veluti
564 985 614 1023 ad
634 983 791 1036 epulas,
825 997 906 1022 non
926 984 976 1023 ad
997 982 1187 1036 praelium
1207 983 1397 1035 venisset,
1417 982 1581 1025 omissis

136 1041 337 1092 hostibus,
367 1039 577 1082 binsuetos
599 1043 790 1082 barbaros
808 1040 907 1081 vino
928 1055 969 1082 se
989 1055 1153 1081 onerare
1169 1042 1320 1094 patitur
1337 1059 1346 1083 :
1378 1042 1580 1097 priusque

133 1099 299 1154 Scythae
315 1098 526 1150 ebrietate,
541 1100 666 1155 quam
682 1099 792 1140 bello
804 1097 1038 1140 vincuntur.
1070 1100 1187 1140 Nam
1202 1100 1377 1155 cognitis
1391 1100 1474 1151 his,
1489 1101 1580 1154 Cy-

131 1170 200 1206 rus
220 1172 405 1198 reversus
424 1172 495 1210 per
517 1166 693 1205 noctem,
713 1161 730 1185 ⁶
746 1157 906 1198 saucios
926 1157 1139 1211 opprimit,
1159 1159 1385 1214 omnesque
1405 1159 1581 1214 Scythas

133 1229 229 1256 cum
246 1215 420 1271 Reginae
433 1215 517 1259 filio
537 1214 757 1256 ⁷interficit.
788 1216 957 1256 Amisso
966 1224 1077 1257 tanto
1092 1217 1288 1265 exercitu,
1299 1226 1351 1268 et,
1364 1219 1475 1271 quod
1487 1231 1580 1272 gra-

133 1272 228 1315 vius
247 1276 483 1325 dolendum,
505 1275 628 1315 unico
649 1274 750 1325 filio,
777 1274 974 1328 Tomyris
994 1279 1009 1297 ‘³
1025 1274 1213 1317 orbitatis
1232 1276 1414 1316 dolorem
1436 1291 1516 1315 non
1536 1275 1577 1314 in
1595 1284 1700 1322 Dolet,
1713 1298 1750 1318 ex

130 1331 337 1387 lacrymas
358 1333 525 1373 effudit:
559 1334 629 1374 sed
650 1331 693 1373 in
707 1332 877 1373 ultionis
900 1332 1045 1374 solatia
1059 1332 1254 1374 intendit:
1278 1334 1496 1388 hostesque
1516 1348 1576 1374 re·
1595 1329 1698 1360 MSS.

131 1390 242 1432 centi
261 1391 432 1432 victoria
450 1392 702 1442 exultantes,
731 1392 818 1444 pari
847 1391 1091 1432 insidiarum
1121 1394 1263 1432 fraude
1293 1391 1580 1432 circumvenit.

131 1448 299 1503 Qippe
310 1449 520 1491 ⁸simulata
535 1449 756 1492 diffidentia
770 1459 937 1503 propter
951 1451 1100 1492 vulnus
1117 1460 1343 1503 acceptum,
1359 1450 1581 1505 refugiens,

133 1506 297 1563 Cyrum
313 1511 364 1549 ad
382 1508 588 1563 angustias
602 1523 731 1562 usque
748 1507 953 1561 perduxit.
988 1508 1054 1548 Ibi
1066 1508 1357 1562 compositisin
1368 1509 1580 1549 montibus
1594 1525 1758 1562 Produx'tt,

130 1564 307 1618 insidiis,
326 1569 498 1607 ducenta
518 1566 651 1607 millia
669 1567 882 1608 Persarum
896 1581 990 1606 cum
1005 1565 1098 1619 ipso
1111 1568 1227 1622 Rege
1243 1566 1475 1608 trucidavit.
1508 1567 1577 1607 In·
1593 1570 1747 1599 Ed.J1mt.

132 1639 212 1678 qua
225 1624 401 1665 victoria
421 1625 544 1665 etiam
564 1624 667 1665 illud
687 1624 954 1664 memorabile
976 1624 1071 1675 fuit,
1093 1626 1204 1679 quod
1223 1640 1274 1665 ne
1294 1625 1467 1666 nuncius
1482 1624 1581 1681 qui-,
1593 1613 1795 1685 8θέζὲῗᾶ

130 1684 226 1724 dem
246 1690 369 1724 tantae
389 1683 517 1724 cladis
534 1683 751 1737 superfuit.
782 1687 798 1712 ⁹
814 1683 949 1736 Caput
972 1683 1076 1739 Cyri
1095 1692 1366 1738 amputatum,
1385 1683 1428 1723 in
1444 1693 1576 1724 utrem
1592 1697 1702 1734 Clade,
1717 1709 1752 1726 ex

1597 1741 1662 1771 Cod.
1687 1740 1753 1772 1113
1760 1739 1794 1771 S.

667 1778 1049 1810 INTERPRETATIO.

173 1843 191 1863 ²
215 1845 343 1887 Reliquit
364 1835 495 1887 magndm
517 1843 581 1875 *vini
597 1846 717 1886 copiam,
736 1849 763 1874 et
783 1842 839 1874 om'-
877 1843 986 1873 viuum
1000 1843 1102 1879 bibere,
1115 1845 1182 1874 vino
1196 1844 1343 1875 inebriari.

128 1888 178 1919 aia
191 1889 347 1919 »secularia
361 1890 400 1918 ad
411 1888 517 1929 epulas.
918 1887 933 1904 ‘³
954 1888 1025 1916 Filii
1039 1894 1153 1929 mqrtem
1168 1900 1219 1917 non
1227 1889 1363 1929 lacrymis
1369 1892 1518 1930 prosecuta
1530 1892 1581 1924 est,

177 1930 196 1957 b
217 1931 340 1963 Patitur
355 1930 498 1972 ScythaS,
512 1930 660 1968 barbaros,
679 1941 732 1960 non
745 1930 837 1960 solitos
873 1931 923 1959 scd
932 1930 1027 1960 ulcisci
1039 1936 1137 1961 conata
1149 1936 1200 1960 est.

775 2017 844 2049 No
855 2018 940 2050 TAE.

178 2083 207 2113 1.
223 2081 349 2113 subacti
363 2080 469 2124 Asia]
493 2081 588 2112 Victo
604 2080 775 2113 Baltazaris
789 2092 840 2111 ex·
876 2080 958 2111 vinci
972 2091 1059 2122 posse
1074 2080 1204 2113 dixerat.
1250 2083 1359 2114 Herod.

135 2124 247 2161 excitu,
277 2123 470 2166 Euphratem
494 2124 525 2154 in
552 2123 645 2154 fossas
666 2132 697 2155 et
720 2124 842 2155 lacunas
919 2128 951 2155 6.
964 2124 1103 2166 Saucios.]
1133 2125 1167 2154 ld
1181 2132 1239 2164 est,
1260 2125 1436 2156 vinolentos
1450 2133 1482 2157 et
1497 2135 1585 2157 mere

134 2168 249 2199 avertit
275 2166 543 2209 Babyloniamque
564 2177 622 2209 per
647 2167 760 2198 siccum
783 2166 842 2196 flu·
877 2166 1002 2198 saucios.
1045 2167 1094 2197 Sic
1111 2167 1228 2199 Ennius
1242 2167 1348 2205 habet,
1361 2181 1456 2199 amore
1463 2172 1586 2208 saucius,

134 2210 227 2241 minis
241 2209 365 2241 alveum
377 2210 547 2251 ingressus,-
554 2219 664 2251 regem
674 2209 843 2248 interfecit,
878 2216 909 2239 et
918 2208 1075 2245 Tibullus,
1081 2217 1230 2252 percussus
1238 2218 1364 2252 tempora
1373 2212 1494 2242 Baccho.
1519 2212 1586 2243 Fri-

134 2259 167 2284 et
183 2253 262 2284 urbe
277 2254 394 2296 potitus
408 2261 464 2284 est.
879 2251 1055 2283 enshemius
1070 2264 1176 2284 securos
1191 2253 1362 2295 legendum
1376 2261 1489 2286 censet.
1513 2255 1588 2285 Ma-

178 2299 210 2327 2.
238 2296 349 2337 Scythis
377 2297 479 2327 bellum
502 2293 622 2338 infern]
651 2296 846 2337 Massagetas
880 2294 908 2325 le
931 2305 1004 2326 nam
1029 2298 1134 2326 saucios
1167 2296 1279 2326 eodem
1305 2306 1393 2328 sensu
1422 2295 1588 2339 repetitur,

134 2346 227 2370 vocat
242 2339 356 2370 Herod
369 2349 448 2380 quos
462 2338 501 2369 ad
521 2348 608 2369 mare
630 2338 778 2380 Caspium
801 2339 845 2368 0—
880 2337 898 2368 1.
913 2341 963 2369 24.
978 2349 1003 2368 c.
1017 2341 1049 2368 8.
1096 2339 1238 2370 Hesterno
1252 2351 1326 2370 mero
1339 2342 1438 2370 saucii.

134 2381 268 2413 rientem
277 2382 386 2413 versus
400 2381 571 2418 constituit,
584 2381 614 2412 in
631 2379 766 2412 maxima
780 2380 846 2423 pla·
924 2384 950 2412 7.
961 2382 1124 2423 Inter-ficit]
1151 2383 1224 2413 Non
1233 2381 1303 2413 vult
1314 2382 1498 2413 Herodotus
1507 2381 1588 2413 occi-

138 2424 226 2461 nitie,
241 2434 336 2466 quam
350 2424 465 2455 fluvius
480 2427 600 2455 Araxes
614 2423 739 2455 claudit.
879 2434 947 2454 sum
958 2423 1184 2465 Spargabilem,
1193 2424 1247 2455 sed
1257 2433 1399 2467 captum3
1417 2425 1471 2466 qui
1481 2433 1589 2456 tamen

181 2470 211 2498 8.
233 2466 398 2509 Tamyris]
427 2467 578 2507 Tomyris
600 2466 713 2497 dicitur
739 2467 848 2497 Herod.
881 2466 1170 2503 solutusebrietate‚
1184 2468 1256 2498 curn
1268 2467 1463 2509 impetrasset
1472 2475 1508 2498 ut
1518 2467 1590 2498 vin-

138 2516 172 2541 et
186 2509 265 2550 aliis,
279 2519 311 2542 et
325 2511 367 2542 sic
382 2520 507 2552 quoque
523 2509 701 2552 legendum.
881 2509 949 2539 cula
963 2508 1162 2548 tollerentur,
1175 2510 1323 2542 continuo
1332 2510 1390 2542 sibi
1399 2520 1510 2542 manus
1519 2520 1589 2541 cru-

180 2557 210 2583 4.
220 2553 360 2584 Transitu
369 2552 509 2595 Araxis]
523 2553 586 2593 Qui
597 2552 614 2584 ὲ
623 2560 732 2583 monte
739 2552 848 2583 Tauro
881 2560 968 2584 entas
981 2551 1099 2583 intulit.

139 2595 267 2627 exiliens
281 2596 445 2628 Armeniae
466 2603 589 2637 partem
611 2595 733 2637 irrigat,
754 2602 787 2626 et
803 2596 845 2625 0-
924 2598 955 2625 8.
980 2594 1305 2638 Simulaffidg‘ffidmtiai]
1346 2597 1469 2639 Aperte
1481 2596 1591 2627 Mane

140 2637 276 2669 rientem
302 2639 410 2670 versus
434 2638 585 2675 defluens,
611 2638 698 2678 Cyto
726 2637 848 2668 flumini
882 2637 960 2679 Cyri
975 2638 1146 2670 exercitum
1162 2639 1248 2678 vicit,
1262 2652 1297 2670 ex
1313 2640 1424 2670 Herod.

137 2680 276 2722 junctus,
288 2688 436 2712 exonerat
451 2691 483 2712 se
496 2681 528 2711 in
543 2691 630 2712 mare
645 2681 805 2723 Caspium.
926 2685 959 2712 9.
974 2682 1069 2723 Caput
1084 2681 1180 2724 Cyri]
1195 2683 1268 2713 Non
1280 2682 1469 2713 credendum
1481 2681 1591 2712 Xeno-

176 2726 207 2756 5.
216 2725 289 2755 Vim·
299 2724 441 2766 affatim]
452 2724 550 2755 Croesi
561 2723 747 2755 sententiam
762 2733 847 2754 secu·
885 2723 1008 2765 phomi,
1032 2724 1088 2766 qui
1104 2725 1227 2767 Cyrum
1248 2724 1282 2757 in
1301 2724 1383 2758 lecto
1404 2724 1592 2758 morientem

140 2773 201 2806 ms,
214 2766 269 2809 qui
279 2766 408 2809 Scythas
419 2768 493 2799 vino
504 2765 635 2807 facilius,
649 2765 745 2809 quam
753 2766 846 2800 armis
876 2765 1039 2799 describit.
