1903 3076
589 152 699 194 Lm.
725 134 834 192 xli.
877 150 1009 193 CAP.
1031 151 1168 193 XVI.
1715 158 1732 190 1
1745 160 1791 190 »ῃ

126 237 224 279 litus
235 232 581 296 necessitudinum
587 230 893 287 ‚dignissimum
907 241 1157 285 nuncuparet
1169 232 1254 272 han
1256 233 1394 272 edem
1415 245 1580 284 prorsus

129 294 248 352 quasi
269 293 383 335 nefas
400 299 520 341 esset,
537 289 626 330 viro
648 289 744 330 forti
764 289 892 330 alium
913 304 1040 346 quarn
1061 289 1198 330 virum
1222 292 1371 331 fortem
1391 292 1580 331 succede-

129 369 189 404 re,
210 361 280 394 aut
298 348 398 392 tanti
417 347 532 413 regni
552 363 649 402 opes
667 347 774 399 aliis,
787 363 912 403 quam
929 347 1110 402 probatis
1125 348 1316 403 relinqui.
1358 348 1449 388 Hac
1465 362 1583 397 voce,

132 411 261 454 veluti
288 407 488 449 bellicum
516 405 625 447 inter
655 405 810 447 amicos
839 405 1068 457 cecinisset,
1099 415 1166 446 aut
1196 408 1352 447 malum
1372 406 1582 447 discordiae

134 469 325 517 misisset,
353 466 409 506 ita
438 479 578 505 omnes
607 464 649 505 in
678 464 980 505 aetnnlationem
1011 473 1277 520 consurgunt,
1299 473 1340 505 et
1362 463 1605 504 ambitione.

136 523 252 582 vulgi
274 523 445 565 tacitum
465 530 480 548 ²
494 523 681 563 favorem
698 522 878 563 rnilitum
895 533 1098 578 quaerunt.
1161 525 1283 564 Sexto
1304 521 1368 562 die
1389 521 1584 576 piaeclusa

136 598 250 633 voce,
279 590 520 635 exemptum
549 580 680 637 digito
711 581 907 621 annulum
938 580 1154 622 Perdiccae
1182 581 1370 621 tradidit.
1401 596 1490 636 quae
1522 595 1585 620 res

132 642 372 699 gliscentem
392 639 622 680 amicorum
643 639 937 680 dissensionem
957 640 1127 680 sedavit.
1168 640 1283 680 Nam
1301 640 1374 680 etsi
1390 654 1470 679 non
1483 652 1583 678 voce

134 706 393 752 nuncupatus
407 699 549 746 haeres,
567 696 724 752 judicio
744 707 878 738 tamen
898 697 1050 740 electus
1070 713 1156 738 esse
1176 697 1406 738 videbatur.

194 757 326 800 CAP.
340 755 474 798 XVI.
493 755 708 797 ¹Decessit
719 756 973 806 Alexander,
985 771 1166 797 mensem
1185 771 1327 806 unum,
1342 770 1467 796 annos
1482 756 1578 795 ²tres
1596 750 1762 825 ‘l‘lleff‘ffl't'

133 823 176 858 et
193 814 376 882 ‘triginta
409 822 549 864 natus;
579 814 643 855 vir
673 829 794 868 supra
814 815 1037 854 humanam
1055 816 1279 868 potentiam
1299 812 1579 869 magnitudine
1593 806 1718 867 fsffifis
1731 851 1766 868 Η
1755 852 1783 865 -

137 873 266 916 animi
279 872 495 940 praeditus.
546 872 638 928 Qua
650 883 768 914 nocte
783 887 879 913 eum
898 881 1026 912 mater
1041 874 1260 928 Olympias
1275 872 1476 926 concepit,
1492 870 1578 911 visa
1593 880 1727 909 Juitdi:
1714 895 1786 912 ea

136 948 209 988 per
222 932 398 991 quietem
411 940 474 973 est
485 946 581 971 cum
594 931 748 988 ingenti
762 939 946 985 serpente
954 931 1141 972 volutari:
1158 947 1232 976 nec
1244 934 1413 984 decepta
1422 944 1582 971 sommo
1594 929 1667 953 “m
1679 925 1783 956 debuit

138 1000 217 1033 est.
279 988 392 1031 Nam
413 991 595 1043 profecto
615 990 748 1050 majus
763 989 940 1030 humana
958 990 1202 1030 mortalitate
1219 1005 1320 1031 onus
1341 1001 1455 1030 utero
1476 988 1586 1037 tulit,

138 1065 263 1106 quam
285 1064 380 1090 cum
399 1048 667 1101 AEacidarum
686 1063 787 1103 gens
809 1049 859 1088 ab
880 1047 1024 1088 ultima
1045 1049 1286 1089 saeculorum
1305 1046 1521 1096 memoria,
1550 1056 1589 1087 et

140 1123 266 1164 regna
284 1107 425 1161 patris,
447 1106 597 1158 fratris,
614 1105 766 1155 mariti,
787 1121 831 1146 ac
848 1106 1036 1159 deinceps
1053 1108 1256 1161 majorum
1272 1106 1458 1147 omnium
1471 1105 1588 1146 illus-

142 1165 366 1214 traverint;
386 1164 515 1205 nullis
531 1174 667 1206 tamen
683 1165 862 1214 nomine,
875 1179 1000 1220 quam
1022 1163 1096 1204 filii
1112 1166 1261 1206 clarior
1273 1165 1366 1206 fuit.
1399 1163 1590 1219 Prodigia

142 1223 441 1280 magnitudinis
462 1223 550 1277 ejus
569 1222 612 1263 in
635 1223 724 1276 ipso
738 1233 827 1264 ortu
843 1223 1041 1264 nonnulla
1053 1239 1294 1277 apparuere.
1327 1223 1442 1263 Nam
1459 1238 1504 1264 ea
1522 1223 1590 1262 die

142 1282 223 1339 qua
237 1292 353 1323 natus
373 1290 447 1332 est,
469 1284 558 1322 duae
575 1282 724 1336 aquilae
740 1281 822 1323 tota
841 1281 906 1322 die
919 1291 1115 1335 praepetes
1129 1297 1250 1335 supra
1266 1282 1430 1322 culmen
1441 1280 1592 1322 domsis

140 1340 267 1395 patris
288 1340 375 1395 ejus
405 1340 607 1391 sederunt,
630 1355 751 1382 omen
781 1339 956 1394 duplicis
987 1339 1167 1394 imperii,
1195 1342 1374 1394 Europae
1394 1340 1592 1395 Asiaeque

140 1400 416 1454 praeferentes.
431 1398 590 1439 Eadem
603 1414 765 1454 quoque
779 1398 844 1439 die
856 1398 1044 1438 nuntium
1060 1409 1172 1452 pater
1180 1400 1266 1454 ejus
1277 1401 1449 1439 duarum
1462 1399 1592 1439 victo-

141 1457 297 1499 riarum
311 1456 482 1509 accepit3
495 1456 659 1497 alterius
679 1457 792 1497 ³belli
809 1456 992 1510 Illyrici;
1011 1456 1192 1508 alterius,
1205 1456 1594 1512 certaminisOlym-

143 1515 243 1570 pici,
265 1515 307 1556 in
329 1517 437 1570 quod
458 1514 750 1580 quadrigarum
770 1530 910 1556 currus
930 1513 1122 1556 miserat:
1142 1518 1268 1570 quod
1290 1530 1410 1555 omen
1429 1515 1596 1556 univer-

144 1589 281 1616 sarum
301 1583 502 1614 terrarum
521 1572 734 1613 victoriam
756 1573 901 1613 infanti
921 1575 1200 1626 portendebat.
1252 1574 1358 1614 Puer
1374 1572 1595 1615 acerrimus

142 1631 357 1673 literarum
376 1631 517 1672 studiis
537 1631 718 1672 eruditus
740 1630 847 1681 fuit,-
864 1631 1007 1672 exact-“1
1025 1632 1302 1685 pueritia,per
1317 1632 1595 1687 quinquenni-

145 1705 219 1731 um
258 1695 273 1717 ⁴
290 1691 364 1730 sub
389 1690 609 1730 Aristotele
639 1691 823 1741 [doctore
844 1688 998 1744 inclyto
1020 1690 1206 1730 omnium
1228 1689 1595 1746 philosophorum]

145 1747 292 1789 crevit.
323 1749 509 1801 Accepto
523 1747 666 1788 deinde
679 1748 871 1801 imperio,
888 1748 1047 1802 Regem
1060 1763 1100 1788 se
1115 1749 1337 1788 Terrarum
1351 1747 1534 1789 omniurn
1549 1765 1595 1790 ac

147 1806 300 1847 Mundi
317 1805 518 1860 appellari
532 1805 662 1859 jussit:
679 1805 915 1861 tantamque
927 1806 1120 1846 fiduciam
1137 1807 1200 1847 sui
1212 1806 1413 1846 militibus
1430 1806 1539 1856 fecit,
1551 1816 1598 1848 ut

147 1864 222 1906 illo
243 1874 436 1918 praesente
453 1864 606 1905 nullius
620 1865 745 1906 hostis
761 1880 899 1914 arma,
901 1879 973 1904 nec
990 1865 1180 1915 inermes,
1193 1864 1419 1905 timuerint.
1452 1864 1597 1921 Itaque

149 1937 245 1964 cum
263 1923 382 1963 nullo
405 1922 586 1963 hostium
608 1937 789 1979 unquam
811 1938 1049 1978 congressus
1077 1933 1150 1972 est,
1181 1939 1303 1979 quem
1327 1939 1406 1964 non
1424 1922 1596 1965 vicerit:

148 1982 311 2022 nunam
331 1982 476 2022 urbem
495 1981 667 2030 obsedit,
688 1996 812 2035 quam
828 1997 909 2021 non
925 1983 1242 2036 expugnaverit:
1265 1982 1422 2022 nullam
1434 1992 1599 2035 gentem

152 2039 271 2089 adiit,
291 2053 415 2094 quam
437 2054 517 2080 non
539 2039 772 2080 calcaverit.
825 2039 976 2080 Victus
992 2039 1166 2096 denique
1188 2042 1237 2080 ad
1259 2051 1509 2093 postremum
1525 2051 1598 2090 est,

152 2112 233 2140 non
253 2099 406 2138 virtute
425 2097 580 2149 hostili,
601 2100 671 2138 sed
690 2097 851 2139 insidiis
873 2113 1058 2147 suorum,
1077 2110 1116 2138 et
1135 2099 1275 2139 fraude
1296 2099 1428 2140 civili.

691 2167 991 2220 tNTERPREfo
992 2167 1075 2198 1⁸10.

157 2252 178 2284 b
198 2208 214 2230 ²
239 2209 438 2283 Vildetut·0
388 2208 570 2251 legendum,
593 2216 621 2240 et
635 2210 784 2254 ambifione
799 2209 887 2240 tacitci'
903 2223 939 2239 vr*
944 2211 1138 2252 gifavorem
1152 2217 1302 2253 querunt:
1326 2210 1471 2242 comitate
1494 2210 1555 2243 scil.
1571 2218 1603 2243 et

181 2263 278 2284 enevo
292 2260 373 2284 entia

796 2295 960 2327 NOTAE.

203 2348 400 2391 1.Decessit.]
419 2348 617 2381 Alexander·
608 2360 673 2392 Jam
684 2350 780 2380 morti
792 2359 859 2392 pro
899 2358 1040 2381 mortuus
1052 2350 1128 2381 vero
1141 2357 1198 2390 est,
1213 2365 1248 2381 ex
1258 2353 1382 2383 Arrian.
1397 2353 1455 2384 Dir
1457 2355 1484 2384 d.
1501 2353 1604 2385 Euscb.

158 2392 270 2430 ximus,
292 2392 331 2423 ad
346 2391 539 2433 Euphratem
555 2393 668 2424 deferri
684 2392 804 2430 voluit3
827 2404 864 2423 eo
899 2394 949 2423 Jos
953 2394 1012 2434 eph.
1034 2404 1078 2434 pr
1081 2403 1168 2424 [ποτε
1186 2394 1314 2435 Aeesia
1336 2395 1461 2426 ineunte
1478 2395 1603 2438 Olymp

158 2435 275 2472 animo,
284 2435 360 2466 utin
372 2434 488 2465 flumen
500 2435 668 2475 demersus,
680 2435 783 2476 sicque
794 2436 863 2467 sub·
903 2439 910 2465 1
923 2436 1098 2467 14.Ci‘1m
1122 2448 1198 2478 ergo
1214 2446 1286 2468 octo
1301 2439 1424 2470 tantum
1441 2439 1604 2480 Olympia-

158 2478 240 2509 latus
253 2489 290 2509 ex
304 2477 468 2509 hominum
484 2477 589 2514 oculis,
604 2478 769 2509 certiorem
785 2479 865 2520 apud
899 2478 951 2508 (las
967 2477 1102 2509 vivendo
1117 2480 1301 2522 expleverit,
1314 2485 1356 2512 32
1378 2491 1439 2512 non
1456 2486 1495 2512 33
1511 2493 1607 2513 annos

158 2529 300 2563 posteros
313 2519 408 2551 fidem
422 2519 548 2555 faceret,
564 2531 594 2550 se
607 2528 712 2551 ortum
723 2521 741 2551 ὲ
753 2531 842 2562 gene
842 2532 866 2551 -ρ
900 2520 985 2552 vixit.

160 2563 304 2600 deorum,
314 2563 354 2594 ad
365 2563 439 2593 deos
450 2563 588 2601 τεάἰίςςες
603 2563 688 2605 quod
699 2574 770 2594 cum
783 2565 866 2594 Rox-
943 2569 974 2594 3.
984 2565 1075 2595 Belli
1095 2565 1232 2608 1l¹ytic12]
1269 2565 1389 2607 Illyrios
1402 2567 1519 2598 vicerat
1532 2569 1556 2599 P
1558 2578 1608 2599 ar-

163 2615 221 2636 ana
235 2586 412 2655 imp’ediret,
426 2605 489 2642 ille,
504 2587 607 2636 effusis
623 2606 777 2647 lacrymis.
793 2608 831 2646 ()
830 2611 868 2636 :⁴1
903 2607 1016 2637 menio.

162 2654 207 2687 2'1‚1
236 2648 349 2690 inquit,
363 2651 468 2691 partui
496 2651 659 2680 divinitatis
677 2650 803 2692 gloriam
825 2652 868 2679 in-
945 2653 972 2680 4.
996 2650 1034 2680 Su
1021 2650 1242 2693 ubArimtele]
1274 2651 1393 2683 Plutm‘.
1399 2651 1455 2682 hu
1474 2652 1608 2683 Alexan-

164 2691 270 2722 visin?
902 2691 949 2722 dri
966 2703 1025 2733 pr
1013 2701 1170 2733 :sceptore
1186 2703 1276 2725 vocat
1291 2695 1466 2728 Leonidam
1476 2704 1505 2727 et
1521 2697 1544 2727 l
1548 2707 1573 2736 ’7·.
1571 2697 1606 2727 'i-

231 2733 336 2764 .·Tres
351 2740 376 2764 et
391 2735 477 2775 trigin
482 2733 535 2776 tm]
569 2733 696 2765 Fallitur
713 2734 868 2771 Ιυεῐὶηῑὴς
903 2745 969 2765 mac
975 2735 993 2765 l
998 2745 1050 2766 um
1071 2739 1181 2767 Acarn
1183 2747 1276 2769 unum.

166 2738 228 2811 dit-3)
219 2784 241 2807 t
251 2786 333 2808 anum
341 2784 448 2808 natum
458 2786 521 2808 esse
530 2777 656 2810 ineunte
666 2776 793 2820 Olymp.
800 2781 868 2808 ΙΟΓ·
881 2787 886 2797 ’
