1903 3076
569 201 683 245 LIB.
703 196 935 243 XXXIII.
959 200 1090 244 CAP.
1112 200 1175 244 II.

111 281 191 325 Sed
212 289 226 308 ¹
242 284 382 326 consul
403 282 610 337 Sulpicius
631 299 711 324 non
732 284 870 325 minus
888 299 1030 339 graves
1053 284 1178 339 qniim
1197 279 1569 337 victolegesdixit.

111 341 231 382 Dum
242 345 330 385 haec
345 351 532 397 aguntur,
546 352 658 382 metu
675 351 758 383 tam
777 343 992 396 periculosi
1006 342 1306 392 belli‚Romani
1324 340 1569 381 ²AEmilium

110 399 288 441 Paulum
322 401 532 441 consulem
554 410 702 451 creant,
722 401 842 456 eique
878 403 892 428 ³
909 409 1024 441 extra
1042 400 1227 440 ordinem
1250 397 1570 439 Macedonicum

109 458 271 499 bellum
285 460 527 510 decernunt:
571 459 660 513 qui,
679 458 776 498 cum
796 461 846 498 ad
866 458 1094 499 exercitum
1113 457 1302 508 venisset,
1323 463 1338 484 ⁴
1351 472 1431 497 non
1451 470 1570 514 mag-

110 531 210 557 nam
229 530 386 556 moram
420 531 566 570 pugnae
598 517 709 557 fecit.
771 517 905 557 Pridie
926 517 1050 571 quiim
1070 514 1259 570 praelium
1281 523 1572 565 consereretur,

111 578 127 603 ⁵
145 575 243 615 luna
257 584 372 614 nocte
389 573 561 615 defecit:
591 573 703 615 triste
723 573 766 613 id
783 583 982 615 ostentum
999 575 1146 615 Perseo
1175 572 1363 613 omnibus
1382 570 1573 626 prresagi-

111 630 293 681 entibus,
309 632 513 686 finemque
530 632 788 673 Macedonici
809 633 925 687 regni
946 632 1130 686 portendi
1151 631 1482 672 vaticinantibus.

171 689 303 731 CAP.
335 689 396 729 II.
458 690 504 730 In
545 690 590 731 eii
629 691 764 746 pugn&
788 691 854 731 M.
879 691 998 741 Cato,
1039 689 1211 731 Catonis
1248 688 1418 730 oratoris
1448 687 1571 739 silius,
1588 717 1689 749 Victus
1706 718 1784 748 pm

112 748 214 788 dum
232 747 338 787 inter
357 747 678 789 confertissimos
700 751 835 789 hostes
854 748 1068 804 insigniter
1098 747 1281 798 dimicat,
1301 762 1410 802 equo
1431 747 1570 799 delap-
1585 764 1781 802 μακαρίων,

112 820 196 854 sus,
228 807 414 858 pedestre
445 806 633 859 praelium
655 806 904 862 aggreditur.
965 813 981 831 ²
999 806 1116 846 Nam
1135 808 1348 846 cadentem
1379 804 1571 857 manipu-
1589 804 1769 834 Macedonia

1590 848 1618 875 in
1637 847 1770 876 Provin-

112 863 178 904 lus
197 864 377 904 hostium
419 878 514 904 cum
547 864 712 905 horrido
751 865 943 916 clamore,
974 863 1103 904 veluti
1130 864 1334 918 jacentem
1356 864 1570 903 obtrunca·
1589 890 1663 918 ciam
1686 891 1784 919 redac-

55 962 66 969 ,
112 930 244 970 turus,
266 920 613 962 circumsteterat:
643 930 685 963 at
705 923 792 974 ille,
827 922 947 963 citius
981 935 1150 976 corpore
1185 922 1373 975 collecto,
1403 933 1630 976 magnassa.
1684 931 1786 961 AEtole·

115 987 270 1035 strages
291 979 430 1020 edidit.
491 981 631 1036 Quum
662 982 712 1022 ad
741 996 870 1021 unum
900 980 1217 1036 opprimendum
1236 979 1417 1034 undique
1436 980 1573 1019 hostes
1589 977 1721 1015 '‘prm''-

114 1038 394 1090 convolarent,
414 1039 514 1078 dum
548 1053 764 1092 procerum
782 1041 986 1094 quendam
1006 1039 1123 1092 petit,
1154 1038 1312 1079 eladius
1334 1037 1379 1094 ‚ei
1412 1037 1434 1076 ὲ
1451 1050 1572 1084 manu
1588 1017 1786 1090 gjffssff}

116 1097 296 1150 elapsus,
314 1095 357 1135 in
377 1096 556 1137 mediam
576 1098 786 1138 cohortem
806 1096 983 1138 hostium
1003 1074 1182 1137 decidito:
1202 1099 1251 1136 ad
1268 1111 1392 1151 quem
1407 1109 1573 1148 recupe-
1588 1101 1789 1132 Urb.C.585.

119 1156 294 1194 randum
316 1157 332 1181 ⁶
346 1155 524 1195 umbone
544 1171 586 1196 se
605 1163 839 1211 protegens,
860 1153 878 1178 ¹³
894 1155 1144 1207 inspectante
1165 1155 1343 1209 utroque
1372 1152 1573 1204 exercitu,
1587 1144 1790 1178 ΑΜΕ-166·

114 1212 463 1255 ἰηῐετπιιιεωηεε
493 1229 535 1254 se
568 1213 750 1254 hostium
791 1213 1023 1263 immersit3
1076 1213 1375 1268 recollectoque
1420 1210 1575 1268 gladio,

1701 204 1786 245 255

653 1343 1039 1375 INTERPRETATIO.

158 1418 176 1441 ι
193 1420 350 1463 Postquam
365 1422 471 1457 cceidu't,
497 1422 592 1462 ingens
616 1427 737 1452 caterva
763 1422 829 1452 laos-
866 1420 944 1452 {inuh
963 1432 1091 1462 surgens,
1121 1421 1221 1455 multos
1247 1420 1334 1450 hostes
1359 1419 1512 1461 interficit.

116 1464 188 1494 tium
212 1476 285 1498 ,cum
313 1477 412 1506 magno
443 1466 563 1495 clamore
584 1467 613 1495 in
635 1477 695 1494 eum
726 1467 828 1500 irruit,

909 1464 928 1490 b
945 1465 1107 1504 Aspiciente
1121 1463 1234 1505 uncique
1255 1465 1391 1502 exercitu,
1411 1476 1440 1494 se
1456 1461 1578 1510 prtjecil

119 1513 151 1538 ut
166 1505 256 1538 humi
274 1509 415 1550 jacentem
437 1509 593 1539 occideret:
630 1509 680 1538 sed
698 1509 748 1539 ille
768 1520 831 1539 con·
865 1509 893 1537 in
909 1508 1008 1538 medios
1028 1507 1127 1538 hostes.

764 1609 951 1641 NOTAE.

167 1687 196 1716 1.
220 1685 324 1715 Consul
350 1683 517 1727 Sulpicius]
574 1685 667 1715 Errat
684 1682 834 1722 Iustinus,

123 1726 228 1758 nullus
242 1727 325 1758 enim
350 1727 485 1768 Sulpicii,
512 1734 627 1769 praeter
641 1728 754 1768 ipsum,
769 1736 834 1755 me-

125 1770 236 1801 minit:
261 1770 313 1801 sed
330 1780 437 1800 omnes
447 1770 594 1802 Publium
608 1769 764 1800 Licinium
781 1768 836 1799 ha-

123 1811 213 1852 bent,
228 1813 281 1854 qui
299 1811 380 1842 illius
395 1813 466 1843 anni
489 1823 560 1844 cum
587 1812 692 1844 Cassio
718 1810 836 1843 Consul

122 1863 200 1886 erat.
245 1856 294 1886 Ex
309 1856 413 1886 Periz.

168 1902 201 1929 2.
214 1897 395 1939 AEmilium.]
440 1899 514 1929 Non
546 1897 669 1929 Licinio
695 1897 838 1928 successit

125 1940 287 1981 JEmdms,
296 1942 347 1971 sed
355 1940 509 1971 Hostilius
521 1957 528 1972 ε
546 1940 685 1972 Hostilio
697 1943 735 1981 Q.
747 1941 839 1971 Mar-

125 1982 198 2020 tius,
223 1983 344 2014 Martio
363 1983 440 2014 vcro
456 1983 621 2014 AEmilius:
646 1983 699 2025 qui
722 1993 841 2021 omneS,

126 2033 244 2068 pra-,ter
260 2026 439 2060 AEmiliurn,
465 2025 542 2057 nihil
561 2029 671 2068 magni
687 2027 839 2057 momenti

126 2067 292 2110 gesserunt
300 2069 330 2100 in
342 2068 540 2101 Macedonia.
583 2068 741 2104 AErnilius,
757 2068 839 2099 deci-

127 2121 182 2144 mo
191 2111 323 2153 septimo
333 2121 412 2142 anno
422 2110 588 2153 postquam
599 2111 715 2143 Consul
727 2110 838 2147 fuerat,

127 2153 245 2185 iterum
269 2153 387 2185 Consul
418 2162 539 2185 creatus
560 2162 605 2186 est
627 2155 727 2186 aetatis
759 2164 839 2185 anno

130 2197 332 2238 sexagesimo.

171 2243 204 2271 3.
216 2241 317 2270 Extra
332 2239 478 2281 ordinem]
515 2239 615 2270 Solito
629 2247 734 2270 tamen
750 2249 839 2271 more

129 2281 330 2318 Provinciam
347 2282 472 2313 sortitus
486 2291 542 2319 est,
557 2282 664 2324 illique
687 2283 840 2314 Macedo-

128 2324 191 2356 nia.
227 2324 350 2355 Licinio
362 2325 474 2356 Crasso
488 2324 616 2364 collega:
628 2325 714 2356 ltalia
728 2326 841 2357 evenit.

174 2372 203 2399 4.
227 2369 298 2399 Non
309 2380 437 2408 magnam
447 2368 577 2410 moram]
597 2369 686 2399 Dum
695 2368 843 2399 AEmilius

130 2419 184 2442 fleu
207 2410 340 2452 majores
355 2410 490 2440 hostium
505 2412 616 2452 copias,
628 2421 680 2441 seu
693 2411 843 2453 temporis

130 2452 421 2484 incommoditatem
443 2461 585 2484 metuens
617 2464 756 2495 pugnam
786 2454 839 2484 de-

132 2501 246 2528 trectat
261 2495 396 2526 oblatam
408 2494 425 2526 :51
443 2497 575 2534 Persem
599 2495 724 2527 fortuna
739 2504 837 2527 certa-

132 2547 206 2569 men
221 2539 385 2574 contraxit.
416 2539 500 2568 Inter
515 2548 611 2570 castra
626 2539 744 2570 flumen
758 2547 836 2576 erat,

132 2579 165 2618 in
177 2579 263 2622 cujus
271 2580 451 2612 ulteriorem
463 2581 563 2623 ripam
574 2581 644 2612 cum
657 2581 835 2623 jumentum

133 2622 273 2665 elapsum
287 2623 304 2654 ἑ
329 2624 478 2654 Romanis
499 2622 652 2660 evasisset,
680 2624 752 2656 hinc
775 2632 837 2656 tres

132 2666 270 2698 Romani
293 2665 371 2698 illud
394 2666 501 2703 secuti,
526 2666 599 2697 inde
621 2668 684 2699 duo
698 2668 838 2698 Thraces

135 2708 175 2739 ad
190 2718 220 2738 se
234 2718 273 2739 ex
286 2707 375 2740 alveo
390 2708 512 2740 trahere
527 2710 728 2747 contendunt.
771 2712 836 2741 Ro-

871 1682 988 1714 tionem
1004 1683 1202 1720 reducebant,
1220 1683 1291 1715 curn
1302 1683 1453 1724 Thraces,
1468 1685 1521 1728 qui
1537 1686 1583 1717 rii
1600 1723 1607 1727 .

873 1737 921 1768 pae
937 1734 1025 1757 erant
1039 1727 1196 1769 praesidio,
1208 1735 1242 1758 ut
1251 1737 1387 1759 mortem
1403 1730 1475 1760 socii
1491 1730 1582 1760 ulcis-

874 1776 1030 1806 cerentur,
1058 1769 1194 1800 fiuvium
1223 1771 1416 1812 transgressi,
1443 1782 1581 1814 moxque

875 1818 960 1843 totus
974 1813 1126 1843 exercitus
1139 1813 1170 1842 in
1186 1813 1283 1844 :ciem
1301 1814 1458 1855 processit,
1481 1824 1581 1846 certa-

876 1855 1010 1896 menque
1025 1855 1137 1886 initurn
1149 1863 1206 1894 est,
1221 1857 1304 1897 quod
1317 1857 1355 1887 ad
1367 1867 1529 1898 vesperam
1541 1857 1583 1889 de

877 1896 1026 1928 industrii
1039 1897 1077 1928 ab
1093 1898 1225 1929 AEmilio
1248 1907 1452 1940 protractum,
1471 1908 1507 1932 ut
1530 1902 1584 1932 Sol

875 1940 1022 1975 hostium,
1052 1951 1114 1971 non
1138 1942 1355 1973 Romanorum
1377 1943 1481 1974 oculos
1511 1955 1584 1986 per-

877 1983 1050 2024 stringeret.
1091 1985 1143 2014 Ita
1155 1985 1339 2016 Plutarchus.

920 2029 949 2057 5.
963 2027 1050 2056 Luna
1059 2034 1132 2057 nocte
1145 2027 1269 2070 desecit.]
1293 2030 1329 2060 C.
1344 2027 1496 2070 Sulpicius
1507 2029 1586 2061 Gal-

877 2067 1106 2107 lus,‘Tribunus
1114 2070 1261 2107 militum,
1273 2072 1326 2113 qui
1336 2071 1443 2113 postezi
1455 2072 1584 2110 Consul.

878 2112 1092 2142 Romanorum
1117 2113 1235 2154 primus
1249 2114 1370 2145 notavit
1385 2114 1521 2156 eclipse8‚
1543 2116 1585 2147 de

878 2154 974 2196 iisque
1006 2154 1122 2185 librum
1154 2155 1263 2194 edidit,
1292 2165 1420 2188 vocatos
1448 2158 1488 2189 ad
1509 2169 1587 2190 con-

877 2198 997 2228 cionem
1026 2198 1151 2234 milites,
1184 2200 1306 2230 monuit
1340 2201 1465 2231 Lunam
1493 2208 1586 2233 nocte

878 2238 1031 2281 proximfi,
1058 2251 1097 2270 ne
1129 2241 1196 2282 quis
1221 2242 1253 2272 id
1279 2253 1336 2284 pro
1358 2251 1505 2286 portento
1533 2256 1586 2276 ac-

879 2283 1007 2324 ciperet,
1044 2283 1082 2313 ab
1105 2283 1182 2314 heri
1212 2286 1344 2317 secunda
1373 2287 1412 2318 ad
1441 2297 1587 2329 quartam

879 2324 1071 2356 defecturam
1086 2337 1150 2358 esse
1163 2339 1169 2356 :
1188 2338 1250 2368 quo
1265 2328 1383 2360 factum
1394 2337 1497 2368 estut,
1509 2333 1586 2364 dum

880 2368 1014 2398 Romani
1030 2369 1099 2400 aeris
1114 2371 1233 2411 crepitu
1248 2369 1354 2402 lumen
1369 2373 1435 2414 ejus
1446 2373 1484 2404 de
1497 2386 1588 2407 more

879 2421 1073 2451 revocarent,
1088 2411 1329 2456 frequentesque
1343 2415 1484 2447 flammas
1497 2419 1588 2451 taedis

877 2452 1055 2495 facibusque
1080 2455 1121 2485 ad
1143 2456 1255 2486 coelum
1270 2459 1485 2500 porrigerent:
1512 2472 1586 2492 con-

879 2496 927 2527 tri
943 2497 1136 2528 Macedones
1152 2507 1259 2540 stupor
1283 2500 1441 2538 invaserit,
1461 2513 1588 2535 rumor-

876 2549 937 2580 que
952 2538 1047 2571 fuerit
1061 2541 1172 2571 sensim
1183 2552 1238 2582 per
1250 2551 1348 2587 castrt}
1360 2544 1517 2585 vulgatus,
1524 2546 1586 2578 hoc

876 2592 953 2623 regn
993 2592 1136 2613 occasum
1164 2585 1361 2625 portendere.
1404 2588 1499 2627 Quod
1514 2589 1585 2620 Sul-

875 2625 967 2698 picgo·
982 2625 1102 2662 Livius,
1132 2627 1230 2658 Paulo
1244 2629 1376 2660 AEmilio
1400 2629 1587 2664 Plutarchus

873 2676 913 2699 tn
939 2675 992 2699 ult.

911 2715 948 2742 ⁴6.
968 2711 1117 2754 Umbone.]
1158 2712 1221 2743 Vel
1250 2713 1351 2756 ipsum
1377 2722 1498 2750 scutum
1527 2724 1585 2758 est,

134 2750 231 2792 nuni,
250 2750 348 2787 occiso
361 2751 500 2793 Tluace,
517 2753 696 2796 jumentum
718 2753 757 2786 ad
779 2761 839 2786 sta·
880 2753 929 2786 vel
946 2755 1022 2789 scuti
1040 2764 1110 2797 pars
1126 2755 1237 2788 media.
