1903 3076
558 180 670 221 LIB.
693 178 802 220 XII.
835 178 968 222 CAP.
989 178 1121 221 VIII.

114 262 131 283 '⁸
144 257 450 315 Argyraspidas
478 260 722 313 appellavit.
784 259 896 300 Gum
927 262 940 280 ²
959 262 1008 300 ad
1028 260 1194 314 Nysam
1214 260 1359 301 urbem
1379 259 1573 301 venisset,

115 317 331 370 oppidanis
351 322 365 346 ³
383 332 462 357 non
478 319 816 373 repugnantibu5‚
829 317 980 359 fiducia
1000 318 1210 374 religionis
1227 318 1364 359 Liberi
1388 317 1528 372 patris,
1548 318 1573 357 ὲ

117 390 200 430 quo
219 375 380 417 condita.
399 377 498 416 urbs
517 386 619 426 erat,
641 377 754 430 parci
770 377 912 431 jussit:
945 377 1062 418 laetus
1081 392 1162 417 non
1184 376 1376 416 militiam
1395 375 1573 426 tantum,

117 433 263 474 verum
279 441 318 473 et
337 433 513 489 vestigia
533 449 574 475 se
590 435 655 476 dei
677 444 914 491 sequutum.
964 434 1084 476 Tune
1101 437 1152 476 ad
1171 435 1450 488 spectaculum
1470 432 1574 475 sacri

116 490 267 532 montis
280 492 397 532 duxit
409 491 652 544 exercitum,
678 494 931 535 naturalibus
948 494 1082 542 bonis,
1113 492 1212 544 vite,
1241 493 1472 548 hederaque
1492 506 1575 532 non
1607 520 1609 526 ·

114 549 229 591 aliter
243 549 402 602 vestiti,
420 550 546 606 quam
569 551 604 592 si
625 567 750 592 manu
769 552 921 603 cultus,
939 552 1086 592 colenti
1095 551 1252 607 {imque
1271 549 1471 592 industria
1500 565 1576 591 ex·

116 618 280 650 ornatus
298 618 414 650 esset.
477 609 555 650 Sed
585 610 789 651 exercitus
808 610 912 664 ejus,
930 609 1003 650 ubi
1024 612 1072 651 ad
1095 619 1279 650 montem
1299 605 1480 661 accessit,
1507 624 1575 649 re-

116 667 284 721 pentino
305 667 462 720 impetu
493 668 658 719 mentis,
692 668 734 709 in
757 672 891 722 sacros
912 668 976 708 dei
1008 670 1188 710 ululatus
1216 668 1448 718 instinctus,
1479 682 1575 708 cum

117 735 281 778 stupore
301 725 425 780 regis,
446 725 532 767 sine
561 727 669 767 noxa
687 725 900 768 discurrit:
931 736 974 767 ut
993 727 1254 782 intelligeret,
1284 741 1365 767 non
1385 735 1468 766 tam
1496 727 1575 779 bp-

117 782 278 837 pidanis
299 799 343 824 se
363 786 579 838 parcendo,
597 785 721 840 quam
742 785 938 826 exercitui
956 801 1029 826 suo
1040 786 1310 826 consuluisse.
1341 783 1442 824 Inde
1457 799 1574 824 mon-

117 850 176 882 tes
197 841 393 884 Daedalos
422 843 658 898 ⁴regnz'zque
684 843 880 885 Cleofidis
908 843 1059 898 reginae
1090 844 1206 896 petit.
1230 882 1235 885 ,
1281 843 1384 898 Quae
1415 841 1513 884 cum
1534 857 1576 883 se

117 900 339 942 dedidisset
374 901 428 951 ei,
457 902 676 943 concubitu
706 904 965 956 redemptum
987 916 1159 957 regnum
1181 903 1232 942 ab
1252 902 1490 942 Alexandro
1510 915 1576 940 re·

118 958 254 1012 cepit:
299 959 505 1001 illecebris
538 970 768 1012 consecuta,
812 962 920 1016 quod
951 959 1100 1001 virtute
1133 975 1216 1000 non
1245 968 1455 1013 potuerat:
1493 958 1578 999 fili-

120 1015 277 1072 fimque
299 1019 350 1058 ab
381 1033 430 1058 eo
456 1018 660 1074 genitum,
690 1021 1006 1060 ⁵Alexandrum
1034 1017 1277 1068 nominavit,
1306 1016 1416 1072 bqui
1437 1016 1579 1070 postea

118 1089 293 1131 regnum
314 1075 509 1117 Indorum
523 1077 676 1130 potitus
691 1088 764 1119 est.
809 1077 961 1119 Cleofis
979 1076 1136 1131 regina,
1151 1085 1317 1130 propter
1336 1084 1580 1129 prostratam

121 1133 161 1172 ei
191 1134 453 1187 pudicitiam,
490 1146 655 1176 scortum
689 1135 833 1191 regium
870 1136 920 1176 ab
952 1135 1064 1175 Indis
1093 1135 1240 1174 exinde
1271 1134 1474 1187 appellata
1502 1141 1578 1174 est.

121 1190 339 1246 Peragrata
355 1193 594 1234 Alexander
616 1194 748 1243 India,
764 1194 859 1234 cum
880 1195 896 1219 ⁶
913 1196 963 1234 ad
983 1208 1127 1234 saxum
1148 1192 1262 1234 mirae
1282 1191 1579 1246 magnitudinis

121 1257 165 1290 et
190 1250 432 1304 asperitatis,
463 1251 506 1291 in
536 1254 644 1306 quod
674 1252 797 1293 multi
827 1251 971 1305 populi
1002 1252 1286 1305 confugerant,
1316 1249 1581 1303 pervenisset,

122 1308 333 1363 cognoscit
364 1309 586 1350 Herculem
618 1312 669 1350 ab
691 1310 995 1366 expugnatione
1025 1309 1208 1362 ejusdem
1239 1308 1327 1349 saxi
1347 1317 1583 1349 terraemotu

123 1366 409 1420 prohibitum:
455 1367 611 1422 Captus
644 1368 781 1423 itaque
815 1367 1008 1421 cupidine
1039 1366 1231 1408 Herculis
1263 1375 1352 1407 acta
1377 1380 1582 1419 superare,

123 1439 220 1465 cum
239 1440 402 1466 summo
422 1427 562 1468 labore
583 1442 629 1467 ac
651 1428 836 1480 periculo
854 1431 869 1455 ⁷
885 1427 1041 1481 potitus
1070 1440 1184 1478 saxo,
1201 1439 1342 1466 omnes
1361 1425 1449 1479 ejus
1468 1427 1485 1451 ⁸
1500 1423 1582 1465 loci

125 1494 264 1538 gentes
286 1483 327 1524 in
344 1484 593 1526 deditionem
615 1485 778 1539 accipit.

1707 185 1788 221 119

184 1541 316 1583 CAP.
341 1541 474 1583 VIII.
498 1543 615 1584 Unus
632 1558 686 1584 ex
704 1543 870 1599 regibus
892 1543 1090 1584 Indorum
1110 1527 1204 1592 fuit,
1224 1541 1382 1582 ⁹P0rus
1401 1540 1583 1591 nomine,
1600 1572 1707 1602 Porum
1728 1574 1794 1605 via·

126 1597 288 1640 viribus
302 1601 482 1666 corporis
495 1613 533 1641 et
546 1601 674 1642 animi
689 1602 970 1657 magnitudine
983 1602 1134 1655 pariter
1146 1600 1413 1655 insigni57qui
1427 1600 1584 1640 bellum
1599 1618 1650 1646 cit,

122 1658 209 1712 jam
214 1658 530 1712 pridem‚audita
541 1661 768 1701 Alexandri
781 1660 1071 1714 opinione‚²0in
1083 1660 1302 1699 adventum
1310 1659 1344 1712 ej
1353 1658 1588 1712 usparabat.

668 1746 1052 1778 INTERPRETATIO.

173 1812 191 1833 ²
216 1810 290 1845 Tun
318 1816 400 1844 duxit
438 1816 590 1845 exercitum
626 1816 667 1844 ad
700 1815 845 1844 visendum
860 1815 910 1928 lac
930 1814 957 1842 ,η’
979 1813 1068 1845 cultus
1089 1817 1159 1842 esset
1181 1809 1323 1842 industria
1342 1823 1478 1852 manuque
1498 1810 1589 1842 homi—

130 1868 247 1888 Μυκη
282 1869 407 1892 sacrum,
443 1867 498 1898 qut
528 1855 603 1899 equ?
632 1864 699 1888 erat
727 1859 845 1887 vestitus
879 1868 952 1886 num.

131 1900 311 1931 naturalibus
333 1901 422 1939 bonis,
444 1900 504 1931 hoc
532 1909 592 1937 est,
606 1903 667 1932 vire
689 1906 716 1930 et
736 1899 849 1936 hedda,
923 1898 940 1924 b
960 1897 1019 1938 Qui
1027 1903 1126 1940 postea
1141 1899 1220 1940 apicii
1232 1897 1315 1928 Indos
1326 1898 1496 1939 impeqavit.

782 1976 852 2008 No
862 1976 953 2008 TAE.

178 2046 206 2074 1.
229 2041 476 2085 Argyraspidas]
532 2041 570 2073 Id
603 2048 660 2080 est,
691 2040 853 2084 argenteis
923 2044 957 2073 6.
981 2042 1033 2071 Ad
1051 2038 1178 2082 saxum]
1220 2041 1353 2070 Aornon
1375 2047 1591 2083 nuncupatum

134 2086 252 2129 parmis
268 2086 410 2123 insignes.
881 2093 945 2125 quo
961 2084 1142 2114 Bazirenses
1157 2081 1370 2123 confugerant.

178 2133 209 2159 2.
228 2130 280 2160 Ad
293 2126 434 2170 Nysam]
462 2127 631 2169 Multiplex
647 2127 708 2158 hoc
723 2126 849 2158 nomine
924 2130 953 2158 7.
977 2128 1090 2156 Potitm
1104 2125 1202 2168 saxa]
1245 2126 1290 2156 lbi
1307 2126 1366 2157 aris
1381 2132 1413 2157 et
1433 2126 1593 2158 Minerva:

135 2171 246 2202 civitas
260 2178 305 2201 est
324 2172 354 2201 in
371 2172 538 2208 Armenia,
553 2170 682 2205 Arabia,
699 2169 805 2204 Caria,
818 2179 850 2201 et
865 2185 869 2192 ·
882 2177 914 2200 et
934 2169 1081 2200 Victoriae
1097 2169 1222 2200 dicavit.
1474 2170 1478 2174 '
1566 2197 1574 2205 ,

136 2215 298 2255 AEgypto:
310 2214 363 2244 sed
378 2213 445 2244 haec
463 2224 522 2244 non
539 2214 648 2255 procul
663 2212 681 2244 ὲ
697 2212 851 2243 radicibus
927 2215 956 2243 8.
980 2213 1051 2242 Loci
1062 2211 1182 2253 genta]
1227 2211 1361 2253 Omphis
1383 2221 1435 2242 seu
1457 2211 1596 2249 Taxiles,

136 2258 254 2288 montis
270 2258 403 2289 Meron,
415 2257 454 2286 ad
468 2257 590 2292 Indum,
605 2256 624 2287 εὶ
639 2256 763 2287 Baccho
778 2265 852 2286 con·
883 2265 928 2294 se,
957 2254 1072 2295 suaque
1103 2265 1208 2284 omnia
1235 2253 1413 2285 Alexandro
1443 2255 1598 2296 permisit,

136 2299 202 2331 dita
214 2307 273 2335 est,
285 2299 316 2330 in
334 2298 419 2329 India
436 2300 591 2330 citeriore.
887 2297 1048 2339 multaque
1063 2307 1194 2329 munera
1209 2306 1240 2328 et
1256 2297 1300 2328 illi
1310 2297 1434 2333 obtulit,
1447 2305 1478 2328 et
1489 2296 1528 2327 ab
1539 2296 1595 2329 ino

136 2341 147 2350 ‘
158 2343 259 2374 3.Non
265 2342 680 2384 repugnantibus.]()bsidione
688 2349 793 2372 tamen
799 2341 853 2372 de·
886 2342 1016 2382 accepit.

137 2384 233 2416 fessos
243 2384 442 2416 civesurbem
451 2385 603 2415 dedidisse
611 2379 708 2415 tradit'
718 2385 855 2416 Curtius.
870 2359 875 2437 ἓ
930 2389 958 2416 9.
973 2380 1096 2425 Por-un]
1119 2382 1181 2422 Qui
1196 2381 1299 2414 Taxili
1314 2382 1411 2414 hostis
1430 2382 1599 2413 infensissi-

179 2432 211 2459 4.
222 2428 376 2469 Regniqur
386 2427 538 2470 Cleqfidis]
550 2428 852 2468 MasagamAssace-
872 2444 873 2459 2
887 2437 957 2457 mus
971 2425 1053 2456 ultra
1072 2425 1243 2467 Hydaspen
1261 2425 1435 2466 imperabat
1448 2439 1454 2456 :
1480 2422 1598 2458 statura
1625 2417 1628 2424 Ι

140 2480 254 2502 norum
270 2471 382 2501 urbem
394 2466 576 2511 primariam
593 2469 714 2500 obsedit
726 2469 781 2500 ubi
790 2469 855 2500 telo
871 2469 932 2505 .illi
954 2468 1013 2500 fuit
1027 2475 1161 2510 quatuor
1184 2468 1362 2499 cubitorum
1377 2476 1411 2499 et
1429 2469 1519 2499 unius
1532 2467 1599 2510 pal-

141 2514 294 2545 sauciatus
311 2513 389 2544 dixit
410 2526 440 2544 se
453 2516 562 2555 quidem
581 2514 666 2544 Jovis
683 2511 855 2554 haberifli-
889 2511 943 2543 mi.
986 2513 1037 2542 Ex
1055 2511 1205 2542 Platarch.

140 2569 186 2587 um
198 2559 248 2587 sed
259 2559 331 2597 egri
344 2568 390 2586 cor
413 2560 472 2587 oris
487 2559 566 2586 vitia
581 2559 696 2586 sentire.
733 2555 856 2586 Urbem
936 2558 984 2586 10.
998 2556 1035 2584 In
1051 2556 1200 2584 adventum
1222 2553 1306 2597 ejus]
1350 2552 1522 2585 Alexandri
1544 2563 1600 2585 no-

142 2599 175 2629 vi
191 2607 313 2640 captam
324 2564 431 2630 scriffit
443 2598 611 2630 Arrianus:
631 2598 759 2630 Curtius
772 2596 858 2633 vero,
874 2619 877 2630 .
891 2597 976 2628 mine
1001 2597 1140 2627 monitus
1167 2596 1186 2628 a
1209 2597 1396 2635 Clwcharo,
1425 2606 1459 2627 ut
1485 2596 1601 2638 stipen-

141 2641 311 2683 Cleophim
325 2641 478 2672 laboranti
489 2641 622 2678 civitati,
637 2648 668 2671 et
679 2640 858 2682 pulchritu-
891 2639 978 2671 dium
991 2640 1153 2681 penderet,
1172 2641 1296 2681 suisque
1311 2641 1342 2670 in
1364 2638 1477 2670 finibus
1492 2650 1601 2671 occur-

143 2684 226 2719 dine,
238 2691 269 2716 et
279 2683 334 2714 filii
352 2683 498 2726 lacrymis
510 2685 634 2724 veniam
649 2683 838 2725 impetrasse.
893 2691 976 2714 reret
991 2683 1078 2724 regi3
1095 2691 1297 2715 occursurum
1312 2692 1343 2714 se
1357 2682 1518 2725 respondit
1533 2683 1603 2721 ,sed

186 2731 216 2757 5.
233 2727 462 2770 Alexandrum]
485 2727 584 2768 Cujus
598 2726 654 2760 filii
670 2737 731 2758 non
747 2726 859 2761 memi-
894 2733 1062 2758 armatum.

147 2769 195 2801 nit
209 2770 373 2801 Arrianus.

1153 2819 1241 2854 114
