1903 3076
64 520 239 557 Alexander,

63 564 116 593 'rex
128 564 228 603 Epiri,
238 564 266 593 in

69 605 157 635 Italic?
175 608 266 636 vinci-

66 656 126 686 mr,
139 655 166 678 et
173 652 264 690 perit.

885 189 910 232 J
912 188 1116 234 USTINI

277 284 401 331 deret,
419 278 600 321 dimissis
627 276 883 329 satellitibus,
905 287 950 319 ut
971 278 1208 319 Alexandro
1226 275 1454 329 foelicitate,
1476 292 1558 319 non
1576 276 1730 320 virtute

276 339 445 380 inferior
463 338 681 390 videretur,
699 345 852 378 tantam
872 345 1048 390 stragem
1062 335 1242 376 hostium
1259 335 1402 387 edidit,
1421 347 1465 376 ut
1482 336 1646 392 agmina
1664 335 1729 376 in-

277 400 435 438 terdum
451 397 624 451 fugaret.
666 396 736 436 Ad
751 405 1016 448 postremum,
1036 391 1112 434 etsi
1129 393 1153 433 a
1168 393 1428 435 multitudine
1442 395 1589 445 victus,
1611 398 1624 416 ¹
1635 394 1728 449 glo-

280 455 345 495 ria
366 464 502 494 tamen
524 468 663 494 omnes
684 453 798 494 vicit.
1254 455 1256 457 ’

340 513 471 553 CAP.
496 511 555 551 ΙΙ.
575 511 699 552 Porro
731 510 1008 559 ²A1exander,
1027 523 1099 548 rex
1119 508 1256 562 Epiri,
1275 508 1317 549 in
1330 509 1502 567 ‘Italiam
1524 510 1548 550 ὲ.
1570 510 1728 551 Taren-

280 570 389 620 tinis,
420 569 574 610 auxilia
594 571 807 610 ³adversus
828 567 1034 608 ⁴Bruttios
1054 567 1377 620 deprecantibus,
1397 567 1649 619 sollicitatus,
1668 569 1727 609 ita.

281 628 426 681 cupide
442 628 646 681 profectus
661 628 810 676 fuerat,
823 625 951 665 veluti
965 624 1008 664 in
1023 624 1225 666 divisione
1241 624 1351 665 orbis
1366 634 1580 678 terrarum,
1592 628 1726 667 Alex-

280 689 420 736 andro,
441 684 702 740 Olympiadis
722 683 869 725 sororis
889 698 970 724 suae
991 683 1092 733 filio,
1111 683 1274 730 Oriens,
1300 683 1379 723 sibi
1399 682 1601 725 Occidens
1621 684 1725 725 sorte

279 743 537 799 contigisset:
561 751 642 782 'non
657 741 860 782 minorem
874 755 1012 782 rerum
1031 741 1245 781 materiam
1263 741 1305 781 in
1321 741 1455 792 Italis,
1471 741 1634 792 Afric&
1665 741 1728 783 Si-

280 802 470 857 ciliiique,
490 801 618 856 quam
633 799 703 840 ille
720 799 762 839 in
778 798 886 840 Asis
906 808 944 840 et
962 799 1093 840 Persis
1115 798 1340 839 habiturus.
1384 800 1476 839 Huc
1496 800 1727 849 accedebat,

278 862 389 915 quod
406 860 509 899 sic'ut
521 860 760 899 Alexandro
774 858 931 913 Magno
945 856 1152 910 Delphica
1169 858 1333 898 oracula
1349 857 1513 898 insidias
1528 857 1570 898 in
1584 859 1728 898 Mace-

279 919 425 959 donia:
457 917 512 957 ita
531 917 628 956 huic
648 931 889 969 responsum
910 915 1137 956 ⁵Dod0naei
1157 915 1286 967 Jovis,
1307 914 1414 955 circa
1435 917 1580 955 urbem
1599 916 1728 957 ⁶Pan-

280 976 438 1016 dosiam
454 989 697 1028 amnemque
712 978 727 1002 ⁷
738 973 1017 1014 Acherusium
1034 973 1289 1025 praedixerat.
1330 974 1432 1029 Quae
1447 973 1618 1029 utrizque
1630 973 1728 1013 esim

279 1034 324 1073 in
340 1033 473 1087 Epiro
488 1041 634 1084 essent,
650 1033 815 1087 ignarus
831 1033 972 1072 eadem
988 1039 1028 1071 et
1043 1031 1085 1070 in
1102 1030 1219 1071 Italia
1233 1046 1336 1082 esse,
1353 1034 1402 1071 ad
1414 1032 1650 1072 declinanda
1663 1032 1727 1071 fa-

281 1100 417 1132 torum
436 1091 632 1144 pericula,
653 1089 910 1145 peregrinam
931 1089 1123 1129 militiam
1144 1088 1332 1141 cupidius
1348 1091 1538 1144 elegerat.
1580 1089 1742 1145 Igitur‚·

282 1150 379 1190 esim
399 1149 443 1189 in
465 1148 627 1189 Italiam
647 1147 833 1197 venisset,
852 1147 1032 1201 primum
1051 1146 1116 1188 illi
1134 1147 1291 1188 bellum
1311 1162 1405 1188 curn
1426 1146 1604 1201 ssApulis
1625 1147 1726 1196 fuit3

281 1221 457 1262 quorum
477 1206 639 1261 cognito
657 1207 770 1246 urbis
791 1206 889 1254 fato,
906 1204 1024 1246 brevi
1056 1214 1144 1258 post
1161 1214 1344 1258 tempore
1365 1221 1506 1259 pacem
1525 1215 1563 1246 et
1583 1204 1727 1246 amici-

280 1265 383 1305 tiam
414 1279 507 1304 curn
534 1279 629 1319 rege
650 1276 790 1305 eorum
813 1263 927 1307 fecit.
986 1264 1087 1304 Erat
1105 1278 1280 1318 namque
1301 1272 1395 1303 tunc
1415 1264 1607 1317 temporis
1629 1263 1728 1304 urbs

279 1322 436 1375 Apulis
451 1322 740 1372 Brundusium,
757 1337 881 1377 quam
897 1321 1072 1372 ⁹AEtoli,
1087 1320 1247 1377 sequuti
1259 1330 1345 1361 tum
1362 1322 1470 1362 fam&
1486 1337 1620 1362 rerum
1641 1320 1728 1361 ²0in

280 1380 409 1434 Troj{i
440 1389 644 1435 gestarum
662 1380 933 1421 clarissimum
954 1395 1000 1421 ac
1018 1379 1322 1421 nobilissimum
1341 1382 1487 1421 ducem
1515 1380 1730 1420 ¹¹Di0me-

279 1440 391 1492 dem,
410 1438 692 1489 condiderant3
714 1441 783 1480 sed
803 1439 912 1493 pulsi
934 1440 983 1495 ab
1005 1437 1175 1493 Apulis,
1196 1439 1447 1480 consulentes
1469 1439 1645 1490 oracula,
1666 1452 1728 1478 re-

919 1561 960 1592 N
971 1561 993 1592 Ο
1008 1561 1102 1593 TAE.

281 1648 314 1672 at
327 1640 421 1684 paulo
436 1641 506 1683 post
520 1640 683 1672 transfixus
696 1639 813 1680 lancea,
826 1639 986 1671 moribun-
1021 1639 1112 1670 fuisse
1127 1639 1249 1671 oracula
1263 1640 1458 1680 fabula-ntum
1479 1651 1611 1683 quarum
1629 1641 1726 1673 altera

280 1685 339 1716 dus
351 1684 383 1714 in
399 1695 484 1715 arma
498 1684 671 1725 procubuit.
1021 1682 1172 1723 Delphos,
1194 1683 1289 1713 altera
1309 1683 1341 1714 in
1363 1684 1530 1715 Ammonis
1550 1684 1725 1726 Templum

327 1731 355 1758 1.
386 1726 488 1757 Gloria}
517 1726 634 1768 tamem]
676 1725 985 1758 Lacedaemoniorum
1021 1725 1200 1756 evolaverit.
1243 1727 1386 1763 Dodona,
1407 1726 1456 1757 vel
1471 1726 1490 1758 ὲ
1504 1727 1648 1764 Dodone,
1662 1729 1724 1757 Eu-

279 1769 418 1812 quinque
434 1769 530 1800 millia
541 1768 692 1807 cecidere3
709 1778 741 1800 et
751 1770 802 1800 vix
814 1768 985 1812 quisquam,
1021 1778 1106 1809 ropae
1122 1766 1268 1810 Jovisque'
1282 1769 1366 1807 fili0;
1390 1769 1440 1801 vel
1454 1769 1473 1801 i
1494 1768 1638 1806 Dodond,
1658 1770 1725 1801 filio

279 1813 339 1843 nisi
353 1813 481 1850 saucius,
501 1812 533 1842 in
547 1819 644 1842 castra
658 1812 761 1844 rediit.
1023 1811 1038 1841 J
1042 1821 1132 1848 avan,
1151 1821 1264 1842 nomen
1277 1812 1383 1842 sortita
1397 1820 1451 1843 est.

324 1859 354 1886 2.
383 1855 570 1895 Alexander]
610 1855 672 1895 Qui
702 1853 859 1886 Molossus
886 1853 987 1885 dictus

280 1905 340 1935 est,
373 1910 407 1927 ex
437 1899 560 1939 Agellio,
594 1897 788 1938 Olympiadis
815 1897 924 1936 frater,
955 1905 987 1928 et

280 1941 468 1981 Cleopatrae,
491 1951 560 1981 quae
581 1940 752 1970 Alexandri
772 1940 887 1981 Magni
902 1950 987 1970 soror

280 1981 354 2021 fuit,
373 1982 511 2013 maritus.
556 1982 621 2013 Ubi
635 1982 853 2013 Alexandrum
867 1982 899 2013 in
916 1982 987 2013 Asi-

281 2036 334 2055 am
360 2025 512 2066 appulisse
536 2024 646 2062 audiit,
671 2025 735 2066 ipse
760 2024 908 2056 continuo
935 2036 986 2066 spe

281 2067 423 2098 victoriae
438 2067 604 2098 transmisit
619 2067 650 2098 in
673 2067 811 2099 Italiam:
834 2067 920 2110 prins
942 2075 986 2098 ta-

283 2119 356 2140 men
371 2110 386 2139 e
398 2109 517 2141 Graecifi
533 2109 668 2147 solvisse,
682 2117 790 2140 auctor
805 2118 850 2141 est
866 2110 985 2142 Plutar-

283 2152 369 2190 chus,
402 2153 497 2194 quiim
522 2152 554 2183 in
576 2152 686 2184 Asiam
712 2153 867 2184 transisset
890 2153 987 2185 Alex-

281 2195 388 2226 ander.

327 2242 357 2269 3.
373 2239 521 2269 Adversus
543 2237 700 2280 Bruttios]
725 2239 842 2270 Contra
866 2239 987 2269 Messa-

281 2280 350 2322 pios
364 2286 395 2311 et
417 2281 560 2311 Lucanos
573 2288 749 2320 evocatum,
771 2281 847 2312 dicit
861 2281 970 2312 Strabo
982 2298 987 2316 ;

281 2322 465 2364 quibuscum
494 2323 592 2355 multa
621 2323 729 2366 praelia
758 2323 922 2360 commisit,
952 2332 987 2355 ut

280 2372 387 2395 narrat
402 2365 520 2396 Livius.

324 2411 355 2438 4.
379 2408 533 2450 Bruttios]
562 2408 624 2449 Qui
649 2407 781 2439 Lucanis
804 2409 987 2440 contermini

281 2450 322 2480 nd
331 2449 446 2481 fretum
459 2450 607 2489 Siculum,
621 2451 703 2481 inter
710 2451 913 2492 Tyrrhenum
922 2462 986 2482 ma-

280 2501 317 2524 re
332 2500 364 2523 et
379 2493 478 2523 sinum
493 2493 713 2532 Tneminurn,
734 2493 919 2525 incolebant.

325 2537 357 2566 5.
371 2536 504 2566 Dodonaei
525 2534 633 2576 Jovis]
653 2535 787 2566 Dodona
808 2536 915 2567 civitas
929 2536 987 2568 fuit

281 2576 315 2607 in
331 2576 480 2613 Chaonid,
495 2578 580 2620 Epiri
594 2578 739 2620 regione3
752 2586 881 2620 propter
894 2589 987 2621 quam

283 2630 456 2660 quei-neum
482 2631 590 2651 nemus
616 2620 687 2651 Jovi
711 2631 845 2660 sacrum,
868 2621 899 2651 in
926 2633 987 2663 quo

282 2655 457 2703 Templum
481 2663 566 2694 Jovis
579 2663 669 2694 fuisse
691 2662 881 2704 perhibetur,
904 2671 935 2695 et
956 2664 986 2694 in

282 2713 323 2734 eo
338 2705 497 2735 oraculum
512 2706 666 2745 omnium,
680 2717 749 2748 quae
765 2706 847 2746 apud
863 2709 990 2738 Graecos

285 2753 384 2785 erant,
396 2747 639 2782 vetustissimum
653 2759 660 2782 ι
685 2749 761 2781 duas
775 2748 819 2781 ibi
833 2747 990 2782 columbas

1040 1857 1043 1859 ”
1063 1857 1091 1884 6.
1104 1853 1296 1896 Ραηιίωἰαω.]
1312 1854 1395 1885 Urbs
1407 1855 1544 1897 gemina3
1560 1865 1618 1885 una
1631 1855 1725 1885 Brut·-

1021 1895 1138 1927 tiorum
1152 1907 1249 1938 prope
1263 1897 1478 1928 Acheruntem
1495 1897 1640 1935 fluvium,
1663 1907 1726 1928 non

1021 1938 1130 1980 procul
1144 1938 1163 1970 εἰ
1178 1939 1341 1977 cosentis;
1357 1939 1452 1971 altera
1466 1939 1496 1970 in
1513 1939 1609 1981 Epiro
1624 1940 1663 1971 ad
1678 1943 1727 1972 A·

1021 1981 1203 2013 cheruntem
1217 1992 1351 2023 quoque,
1375 1982 1426 2013 ubi
1444 1982 1593 2013 Pandosia
1608 1982 1702 2014 lacus.

1065 2027 1093 2056 7.
1110 2025 1318 2067 Acherusium]
1333 2024 1456 2067 Duplex
1471 2032 1516 2055 est
1531 2025 1636 2056 etiam.
1667 2025 1727 2057 Al-

1022 2074 1070 2098 ter
1084 2067 1115 2097 in
1129 2066 1256 2098 Bruttiis
1270 2068 1301 2099 in
1315 2068 1416 2098 sinum
1427 2068 1609 2098 Terinaeum
1621 2081 1628 2098 ι
1647 2067 1726 2098 alter

1023 2110 1052 2140 in
1068 2110 1176 2151 Epiro,
1198 2109 1229 2139 in
1246 2110 1449 2141 Ambracium
1465 2110 1649 2141 decurrens:
1673 2110 1725 2142 hic

1022 2150 1133 2183 fabulis
1146 2152 1329 2184 notissimus.

1065 2198 1093 2226 8.
1103 2195 1230 2235 Apulis]
1250 2197 1353 2236 Quare
1365 2195 1402 2226 ab
1412 2195 1581 2237 Apennino
1592 2195 1629 2226 ad
1639 2206 1726 2227 mare

1024 2237 1221 2268 Adriaticum
1249 2238 1496 2280 pertingebant.‘
1533 2238 1727 2270 Dicebantur

1022 2281 1072 2311 alii
1087 2280 1214 2315 Daunii.
1235 2280 1286 2311 alii
1302 2282 1450 2317 Peucetii,
1465 2291 1546 2312 nunc
1561 2282 1592 2311 la
1607 2283 1729 2312 Pouille.

1065 2328 1093 2355 9.
1108 2323 1229 2366 AEtoli.]
1250 2323 1379 2355 Achaiae
1393 2323 1501 2365 populi
1514 2323 1595 2354 inter
1610 2325 1726 2355 Locros

1021 2373 1053 2397 et
1068 2367 1256 2401 Acarnanas,
1273 2366 1412 2397 Acheloo
1427 2366 1523 2397 fluvio
1538 2366 1640 2397 vicini.

1066 2412 1114 2439 10.
1123 2408 1161 2439 In
1175 2409 1286 2452 Tugia]
1302 2409 1446 2451 Phrygiae
1457 2408 1582 2439 minoris
1591 2409 1727 2446 civitate,

1021 2461 1082 2482 non
1097 2451 1205 2492 procul
1219 2452 1257 2482 ab
1275 2451 1326 2482 Idri
1342 2460 1460 2489 monte,
1481 2450 1615 2482 Homeri
1630 2452 1725 2482 versi-

1022 2493 1078 2524 bus
1092 2493 1336 2526 celebratissima.

1067 2541 1078 2567 l
1090 2540 1114 2568 l.
1132 2537 1313 2580 Diomedem]
1327 2536 1431 2578 Tydei
1445 2544 1476 2568 et
1491 2535 1650 2576 Deiphiles
1665 2536 1725 2568 fili-

1022 2589 1087 2618 um,
1102 2580 1140 2610 de
1156 2590 1216 2621 quo
1231 2579 1330 2611 multa
1340 2581 1514 2617 Homerus3
1528 2587 1656 2621 propter
1670 2590 1725 2610 ux—

1022 2622 1084 2653 oris
1108 2621 1251 2653 libidines
1271 2623 1403 2665 patriam
1427 2631 1543 2657 exosus,
1563 2622 1593 2651 in
1608 2622 1724 2662 Apuli-

1022 2674 1072 2694 am
1083 2664 1239 2705 profectus
1246 2674 1307 2699 esu
1320 2664 1372 2695 ubi
1384 2673 1471 2706 parte
1483 2664 1570 2705 regni
1581 2664 1598 2694 εὶ
1612 2665 1725 2694 Dauno

1022 2706 1159 2781 ἓεεερῐίἰ,
1171 2709 1274 2751 Argos
1287 2715 1317 2741 et
1333 2706 1541 2740 Brundusium
1555 2706 1727 2740 condidisse.

1037 2758 1130 2783 ertur.
