1903 3076
128 235 211 272 316

130 717 330 750 RheaRemum

131 768 157 790 et
173 761 321 790 Romulum

130 805 222 845 parit.

945 226 1174 270 JUSTINI

343 312 356 330 ¹
371 308 559 350 Turnum
580 313 595 334 ²
611 305 861 348 Rutulorum
881 321 1036 363 regem,
1057 317 1219 361 propter
1238 307 1441 349 fraudatas
1463 305 1648 349 Laviniae
1664 321 1772 361 nup-

339 367 432 416 tias,
451 366 552 407 fuit:
575 365 617 406 in
637 381 719 421 quo
739 374 777 406 et
799 366 964 407 Turnus
985 375 1023 404 et
1042 365 1208 406 Latinus
1227 365 1477 407 interierunt.
1526 363 1658 421 Igitur
1677 366 1773 408 cum

341 427 513 476 AEneas‚
538 424 627 478 jure
647 423 841 472 victoriae,
861 423 1031 476 utroque
1055 424 1207 476 populo
1227 423 1436 476 potiretur,
1455 424 1598 464 urbem
1626 438 1678 464 ex
1697 438 1773 464 no-

340 482 450 523 mine
469 481 610 523 uxoris
630 481 838 522 Lavinium
858 481 1051 521 condidit.
1102 481 1266 523 Bellum
1284 480 1428 522 deinde
1447 485 1462 510 ³
1475 481 1666 523 adversus
1682 481 1775 521 Me·-

341 540 524 581 zentium
544 555 683 595 regem
704 540 972 583 Etruscorum
993 536 1128 594 gessit,
1147 538 1189 578 in
1206 553 1285 593 quo
1301 553 1396 579 cum
1413 539 1500 592 ipse
1518 544 1533 566 ⁴
1545 538 1776 589 occidisset,

340 599 382 641 in
413 600 551 639 locuni
581 599 667 651 ejus
697 597 901 638 Ascanius
930 596 1038 637 filius
1058 597 1275 645 successit;
1306 596 1377 651 qui
1397 596 1595 638 ³Lav1n10
1616 596 1774 648 relicto,

340 660 358 684 ⁶
370 657 526 697 Albam
545 657 730 711 Longam
749 654 941 706 condidit,
961 669 1050 709 quae
1072 653 1258 695 trecentis
1277 654 1390 695 annis
1408 663 1528 708 caput
1545 655 1661 712 regni
1677 653 1773 696 fuit.

404 715 533 755 CAP.
552 714 610 754 II.
641 719 657 742 ⁷
673 714 767 754 Post
786 714 934 753 multos
954 713 1099 753 deinde
1119 712 1230 753 urbis
1251 713 1372 766 hujus
1390 727 1522 767 reges,
1541 715 1591 754 ad
1619 722 1775 771 postre-

341 787 459 813 mum
474 780 489 804 8
504 772 704 812 Numitor
723 779 764 812 et
784 770 981 811 Amulius
1001 785 1126 826 regno
1147 770 1262 823 potiti
1292 779 1401 812 sunt.

1461 771 1540 811 Sed
1560 769 1774 821 Amulius,

131 846 226 876 ΑΜ.
233 847 325 875 3284.
340 845 435 870 cum
455 839 566 872 aetate
586 829 764 883 priorem
782 828 1048 869 Numitorem
1067 827 1342 882 oppressisset,
1372 827 1526 869 9filiam
1545 828 1633 881 ejus
1661 829 1775 870 Rhe-

339 885 405 930 {om
436 889 480 929 iu
517 896 759 942 perpetuam
786 885 1077 941 virginitatem,
1119 902 1167 928 ne
1200 886 1291 941 quis
1318 886 1469 928 vindex
1507 885 1624 941 regni
1654 901 1777 931 sexus

136 887 275 918 01.2..3

135 931 327 964 Aut.C.768.

339 946 475 988 virilis
504 961 554 986 ex
585 954 703 1001 gente
722 944 957 986 Numitoris
992 946 1174 994 oriretur,
1201 945 1419 987 demersit:

1465 949 1481 966 ²
1497 943 1632 985 addita
1668 944 1777 999 inju-

338 1003 399 1044 Υἱὲ
444 1004 578 1058 specie
623 1003 801 1053 honoris,
845 1011 891 1042 ut
939 1019 1017 1044 non
1058 1004 1257 1051 damnata,
1301 1004 1370 1044 sed
1417 1003 1600 1045 sacerdos
1649 1002 1777 1044 electa

338 1061 557 1103 videretur.

338 1119 539 1161 incertum
571 1128 723 1173 stupro,
755 1133 806 1158 an
840 1134 892 1159 ex
928 1120 1065 1159 Marte
1095 1128 1323 1172 conceptos,
1342 1118 1463 1160 enixa
1482 1127 1557 1161 est.

631 1061 762 1117 Igitur
775 1061 912 1101 clausa
935 1068 968 1085 ¹0
982 1061 1023 1101 in
1038 1061 1132 1101 luco
1150 1060 1279 1101 Marti
1295 1076 1419 1111 sacro,
1433 1062 1486 1088 ¹¹¹³
1499 1062 1600 1102 duos
1614 1075 1777 1115 pueros,

1635 1123 1667 1142 ²²
1680 1119 1774 1175 Quo

338 1178 518 1234 cognito,
576 1177 775 1220 Amulius
831 1176 1104 1239 multiplicato
1163 1185 1276 1222 metu
1334 1186 1533 1232 proventu
1585 1178 1777 1233 duorum,

874 1321 1251 1353 INTERPRETATIO.

382 1396 397 1418 ἓ
418 1398 448 1428 T
444 1410 488 1439 eg
476 1410 521 1429 ns
535 1398 670 1440 injuriam
685 1397 742 1440 ipsi
755 1397 865 1430 illatam
885 1400 974 1441 specie
994 1399 1042 1429 bo·

339 1443 428 1472 nOYiS.

1113 1399 1131 1425 b
1150 1399 1269 1439 Peperit
1290 1399 1354 1428 duos
1375 1404 1489 1439 pueros,
1508 1399 1558 1428 sed
1567 1398 1700 1437 incertum
1716 1399 1777 1437 illos

1073 1443 1222 1485 conceperit
1235 1454 1269 1471 ex
1283 1447 1392 1483 stupro,
1403 1453 1441 1473 an
1455 1454 1489 1472 ex
1506 1441 1625 1473 Marte.

976 1554 1139 1585 NOTAE.

384 1625 411 1653 1.
436 1622 587 1665 Turnum]
630 1621 808 1664 Principem
840 1621 921 1653 inter
948 1621 1044 1653 Italos

339 1666 552 1701 tortissimum‚
566 1676 660 1707 quem
676 1667 788 1696 AEneae
809 1664 958 1696 aemulum
973 1675 1041 1695 ver-

339 1708 421 1737 sibus
436 1709 496 1738 suis
511 1708 660 1750 Virgilius
675 1707 849 1738 celebravit.
878 1730 883 1734 ,

390 1721 631 1793 ,Rutulomigmff
657 1750 769 1792 Populi
790 1749 885 1789 Latii,
909 1760 1042 1791 quorum

337 1793 446 1823 Ardea
461 1801 552 1834 caput
574 1793 650 1825 fuit.
676 1793 714 1824 de
735 1792 846 1835 quibus
867 1793 947 1834 saepe
969 1793 1042 1824 Vir-

338 1835 431 1876 gilius
446 1845 494 1865 me
498 1836 598 1867 minit-

389 1879 572 1909 „Adversas
596 1878 803 1921 llslezentium]
836 1879 908 1910 Non
924 1878 1041 1909 victum

338 1932 357 1950 a
374 1921 544 1957 Mezentio,
554 1922 607 1952 sed
618 1922 770 1952 victorem
782 1923 917 1953 AEneam
931 1921 1042 1951 descri-

338 1962 384 1993 bit
401 1963 563 2003 Virgilius,
584 1974 753 2005 veramque
776 1964 884 1995 seriem
906 1963 1043 1999 invertit,

339 2006 412 2035 cum
423 2012 454 2036 et
472 2007 670 2037 Mezentium
687 2007 816 2037 adfuisse
824 2008 946 2045 Turno,
955 2006 1043 2036 esim-

338 2058 411 2087 que,
426 2047 486 2078 unit
502 2059 572 2079 cum
596 2051 699 2080 Lauso
720 2049 796 2086 filio,
817 2050 928 2080 AEueae
950 2059 1043 2080 manu

338 2090 480 2122 cecidisse
496 2098 637 2122 testetur.

381 2137 410 2164 4.
430 2134 606 2181 occidissem]
660 2136 694 2165 In
717 2145 823 2177 pugna
851 2133 890 2165 ad
919 2143 1042 2164 amnem

339 2175 520 2208 Numicum.
564 2178 614 2207 Ex
628 2178 775 2219 Dionysio.

381 2219 589 2267 5.Lavinio.]
644 2219 729 2250 Urbs
750 2219 827 2250 olim
858 2218 917 2250 fuit
948 2219 1019 2249 Lat‘
1012 2219 1044 2257 ii,

339 2233 420 2291 intei-
446 2261 569 2292 Ostiam
593 2269 623 2293 et
646 2262 790 2298 Velitras,
813 2271 875 2292 non
897 2262 1006 2304 procul
1026 2273 1044 2293 a

337 2303 416 2333 mari
431 2304 497 2339 sita,
513 2304 551 2335 ab
567 2303 670 2336 AEnea
684 2304 818 2336 condita.

379 2350 409 2377 6.
431 2347 536 2376 Albam
559 2347 712 2389 Longam]
755 2350 789 2378 In
815 2347 928 2378 Latio·
960 2346 1044 2378 Alba

338 2386 421 2418 dicta
443 2396 499 2427 est,
522 2400 540 2420 a
563 2400 615 2420 sue
641 2389 710 2420 alba
738 2400 832 2431 quam
860 2390 903 2420 ibi
929 2390 1043 2430 reperit

337 2432 468 2462 AEneas:
509 2433 603 2462 Lomr
584 2443 622 2471 (ζει
650 2433 740 2471 vero,
767 2443 786 2463 a
811 2432 906 2474 longo
935 2439 1044 2463 tractu.

337 2474 417 2504 Eam
431 2473 543 2505 Tullus
559 2458 714 2505 Hostilius
728 2475 851 2506 evertit.

381 2520 409 2547 7.
432 2518 503 2547 Post
516 2519 613 2548 multos
627 2520 719 2548 deinde
733 2530 819 2558 reges.
824 2517 836 2559 ]
871 2517 925 2548 Ab
941 2517 1044 2549 AEuea

337 2557 475 2589 decimus
497 2559 606 2590 tertius
628 2568 820 2598 numeratur,
840 2571 917 2602 quos
938 2571 1043 2593 receu-

339 2612 369 2630 ει·
372 2611 403 2630 re
418 2612 479 2630 non
495 2612 572 2642 opus
587 2609 641 2633 est.

382 2646 413 2673 8
435 2645 574 2674 Numitor
596 2652 621 2675 et
639 2645 798 2687 Amulius]
842 2647 954 2677 Procas
975 2647 1016 2686 Sy
1019 2645 1043 2676 l-

332 2684 408 2715 vius
430 2686 507 2716 duos
527 2686 607 2717 filios
629 2688 724 2729 aequis
745 2687 882 2729 partibus
906 2688 1044 2718 haeredes

341 2728 438 2757 moriz
441 2739 475 2758 ns
489 2729 641 2760 instituit:
667 2739 734 2760 tum
750 2731 897 2761 Amulius
911 2741 1041 2772 regnum

341 2771 498 2813 patrisque
509 2782 582 2814 opes
596 2772 784 2815 partitusstx
800 2783 860 2804 una
874 2781 962 2815 parte
973 2784 1043 2815 reg-

1075 1631 1162 1657 num,
1185 1621 1216 1652 in
1232 1621 1327 1653 altera
1343 1621 1440 1664 Sylvii
1461 1622 1683 1672 patrimonium
1705 1633 1777 1656 cum

1075 1664 1232 1706 posuisset,
1247 1666 1404 1695 Numitori
1409 1665 1482 1707 ,qui
1498 1673 1573 1697 natu
1588 1666 1688 1708 major
1701 1673 1781 1704 erat,

1076 1707 1233 1748 optionem
1253 1707 1359 1745 dedit,
1382 1708 1435 1749 qui
1451 1719 1523 1739 cum
1536 1718 1635 1750 regno
1657 1708 1779 1750 privata

1075 1749 1155 1780 bona
1169 1750 1363 1791 praetulisset,
1377 1760 1510 1792 regnum
1525 1750 1660 1782 obtinuit
1674 1753 1778 1782 Amu-

1077 1793 1142 1823 lius.
1189 1794 1261 1823 Haec
1283 1795 1371 1825 Dion.
1400 1793 1557 1825 Halicizrn.
1599 1793 1654 1834 qui
1675 1802 1779 1824 tamen

1076 1835 1168 1876 paulc')
1191 1836 1261 1876 pbst
1282 1836 1313 1866 vi
1327 1836 1489 1878 expulsum
1503 1835 1542 1867 ab
1558 1835 1688 1867 Amulio
1710 1837 1780 1867 Nu-

1075 1878 1220 1909 mitorem
1232 1886 1380 1910 testatur:
1396 1877 1480 1927 quod
1490 1878 1592 1911 multo
1601 1878 1699 1920 magis
1709 1890 1782 1912 cum

1077 1920 1141 1951 aliis
1151 1921 1317 1953 Historicis
1331 1921 1484 1963 congruit.

1119 1965 1298 2006 9.l'1l1ame
1299 1978 1329 1995 us
1339 1965 1457 1995 Elaeam.
1460 1964 1471 2003 ]
1489 1962 1598 1996 Prlmb
1611 1965 1780 2007 AEgestmn

1078 2007 1250 2037 Numitoris
1264 2007 1376 2046 filium,
1391 2006 1466 2037 dum
1481 2013 1625 2046 venatur,
1644 2008 1777 2040 occidit.

1076 2056 1144 2079 tum
1154 2049 1276 2080 Rheam
1286 2051 1390 2080 Vestae
1400 2049 1598 2080 Sacerdotem
1606 2050 1785 2092 fierijussit,

1076 2102 1148 2122 cum
1163 2093 1195 2123 id
1207 2092 1289 2124 sibi
1275 2103 1292 2124 a
1303 2091 1420 2124 Vesta
1411 2102 1443 2123 ιιι
1459 2092 1585 2124 somniis
1591 2091 1781 2135 imperatum

1077 2133 1219 2176 fingeret

1122 2182 1170 2209 10.
1192 2179 1229 2208 In
1243 2179 1301 2208 luco
1317 2179 1424 2209 Marti
1434 2191 1524 2210 sacro
1528 2179 1541 2222 ]
1583 2177 1692 2218 Rheae,
1703 2178 1781 2211 dum

1077 2231 1232 2251 sacrorum
1246 2231 1332 2251 causa
1342 2231 1452 2269 puram
1461 2231 1572 2262 aquam
1583 2222 1699 2252 Martis
1710 2221 1781 2254 luco

1077 2263 1176 2303 petiit
1187 2271 1327 2304 stuprum
1344 2264 1374 2293 in
1383 2263 1454 2294 fano
1466 2263 1579 2295 obtulit
1589 2263 1690 2294 nescio
1699 2265 1781 2305 quis,-

1077 2305 1140 2336 sive
1156 2306 1173 2336 ὲ
1190 2306 1294 2336 Procis
1306 2306 1432 2347 quidam
1444 2305 1517 2344 fuit,
1529 2314 1564 2337 ut
1578 2306 1687 2337 volunt
1701 2317 1780 2337 non-

1077 2347 1172 2386 nulli;
1193 2349 1258 2379 sive
1276 2348 1448 2379 Amulius
1439 2348 1506 2393 ipsi,
1522 2348 1666 2379 omnibus
1688 2347 1778 2380 faciei

1077 2391 1168 2428 notis,
1180 2391 1331 2439 quantuni
1340 2388 1547 2440 fieripoterat‚
1557 2391 1735 2427 obscuratis,
1744 2398 1780 2422 ut

1078 2433 1197 2463 malunt
1219 2434 1288 2471 alii3
1311 2434 1374 2464 sive
1389 2433 1521 2475 denique
1535 2443 1650 2465 numen
1663 2433 1781 2475 ipsum,

1077 2476 1163 2516 cujus
1177 2476 1208 2506 id
1230 2476 1335 2506 fanum
1352 2484 1428 2514 erat,
1450 2487 1480 2507 se
1494 2475 1605 2518 puellae
1627 2486 1662 2506 ac
1678 2477 1778 2522 specie

1076 2517 1211 2548 humana
1227 2518 1385 2555 obtulerit,
1398 2526 1433 2549 ut
1448 2518 1538 2549 multi
1551 2517 1736 2550 fabulantur.

1122 2564 1167 2591 ll.
1182 2563 1261 2591 Duos
1271 2569 1380 2603 pueros.
1384 2561 1396 2602 ]
1410 2560 1581 2592 Romulum
1591 2569 1623 2592 et
1633 2561 1782 2593 Remum.

1121 2607 1170 2634 123.
1190 2605 1249 2642 Quo
1264 2606 1375 2644 cognito.
1381 2604 1393 2646 ]
1427 2603 1542 2634 Martis
1557 2604 1677 2634 monitu
1693 2602 1780 2636 infir}-

1076 2645 1217 2676 mitatem
1233 2654 1364 2682 causata,
1375 2646 1438 2687 quo
1450 2646 1547 2676 tutior
1560 2653 1648 2685 esset,
1659 2657 1676 2676 a
1688 2646 1780 2677 sacris

1075 2687 1242 2719 abstinuit.
1269 2689 1323 2719 sed
1338 2688 1493 2725 Amulius,
1518 2698 1586 2719 rem
1601 2699 1638 2719 ex
1653 2699 1778 2722 rumore

1075 2731 1251 2772 suspicatus,
1291 2732 1432 2763 custodes
1461 2730 1645 2774 parturienti
1681 2730 1777 2768 dedit,

1075 2774 1124 2804 Ita
1141 2774 1304 2815 Dionysius.
