1903 3076
582 196 693 239 LIB.
717 197 850 241 vm.
884 198 1012 243 CAP.
1032 200 1118 244 Vl.
1720 219 1771 254 85

129 272 299 334 uirque:
319 285 336 325 ,¹
348 291 427 320 uon
447 274 566 317 liberi
588 277 836 331 parentibus,
863 295 942 320 non
963 282 1154 338 conjuges
1173 282 1340 335 maritis,
1368 301 1447 327 non
1467 288 1565 328 deo-

125 352 217 376 rum
230 336 474 378 simulachra
484 334 650 389 templis
662 335 745 376 suis
755 336 1054 393 relinquuntur.
1088 341 1224 380 Unum
1239 343 1392 383 tantum
1406 343 1564 386 miseris

124 394 310 435 solatium
329 392 420 442 fuit,
439 392 560 448 quod,
582 393 678 433 cum
699 393 912 449 Philippus
935 396 1116 450 portione
1137 401 1281 451 praedae
1302 401 1430 442 socios
1452 403 1562 444 frau-

124 453 272 502 dasset,
291 451 396 491 niml
409 465 542 491 rerum
559 466 723 492 suarum
746 457 851 506 apud
870 453 1056 496 inimicos
1067 455 1269 496 viderunt.
1302 457 1503 501 Reversus
1518 461 1561 502 in

121 525 309 567 regnum,
336 518 380 550 ut
402 523 548 562 pecora
566 519 743 562 pastores
771 513 938 552 nuncin
969 512 1175 563 hibernos,
1210 529 1312 554 nunc
1333 515 1373 554 in
1395 518 1558 560 aesxivos

123 571 247 609 saltus
263 566 486 621 trajiciunt,
499 565 554 606 sic
566 566 638 607 ille
659 567 830 620 populos
847 578 885 608 et
901 569 1034 619 urbes,
1046 579 1093 611 ut
1109 571 1168 611 illi
1188 573 1253 612 vel
1273 574 1479 625 replenda,
1492 578 1559 616 vel

120 625 434 680 derelinquenda
448 639 616 680 quaeque
632 626 720 666 loca
733 624 990 675 videbantur,
1005 631 1054 667 ad
1069 629 1282 669 libidinem
1301 645 1414 671 suam
1431 644 1557 674 trans-

119 682 211 724 fert.
272 683 505 724 Miseranda
533 682 685 737 ubique
704 682 856 732 facies,
877 692 919 724 et
938 684 1096 725 excidio
1113 686 1275 738 ¹similis
1294 698 1376 729 erat
1396 707 1404 730 :
1455 691 1556 732 Non

118 742 283 797 quidem
314 755 440 794 pavor
459 740 528 781 ille
558 739 729 791 hostilis,
759 755 832 783 nec
862 741 1065 784 discursus
1098 758 1169 798 per
1201 746 1342 786 urbem
1374 747 1556 789 militum

115 808 220 840 erat:
242 815 322 840 non
342 799 541 841 tumultus
560 813 785 839 armorum:
809 813 890 840 non
910 801 1109 842 bonorum
1122 810 1240 857 atque
1256 804 1470 845 hominum
1491 820 1554 846 ra-

116 857 235 913 pina:
270 859 339 898 sed
359 856 499 898 tacitus
520 871 666 896 moeror
686 866 725 897 et
754 857 901 910 luctus,
921 858 1154 900 verentibus
1174 876 1222 900 ne
1245 861 1341 914 ipsae
1360 863 1554 919 lacrymae

116 931 191 971 pro
207 914 460 957 contumacia
477 916 731 955 haberentur.
763 919 781 938 ⁸
795 914 951 956 Crescit
967 916 1290 960 dissimulatione
1313 919 1398 973 ipsa
1415 922 1553 971 dolon

115 977 193 1014 hoc
214 973 336 1015 altius
351 972 564 1022 demissus,
584 987 663 1028 quo
684 972 818 1014 minus
837 973 1013 1028 profiteri
1033 975 1145 1015 licet.
1196 975 1322 1017 Nunc
1337 981 1555 1032 sepulchra

114 1032 332 1087 majorum,
362 1046 466 1071 nunc
489 1039 644 1072 veteres
676 1043 856 1086 penates,
884 1047 990 1073 nunc
1019 1040 1137 1083 tecta,
1167 1032 1210 1074 in
1248 1035 1398 1089 quibus
1426 1037 1554 1092 geniti

102 1089 239 1141 erant,
256 1089 297 1129 in
319 1088 550 1145 quibusque
570 1099 804 1144 genuerant,
825 1089 1154 1132 considerabant:
1192 1086 1426 1136 miserantes
1446 1110 1553 1137 nunc

114 1147 246 1189 vicem
276 1162 407 1197 suam,
426 1149 535 1202 quod
557 1146 598 1187 in
617 1162 707 1187 eam
729 1146 839 1187 diem
859 1147 1082 1198 vixissent;
1107 1164 1211 1190 nunc
1231 1149 1421 1202 filiorum,
1441 1153 1553 1208 quod

110 1221 191 1248 non
212 1215 302 1260 post
321 1220 413 1245 eam
433 1205 540 1245 diem
562 1205 645 1245 nati
666 1214 811 1250 essent.

173 1265 304 1307 CAP.
327 1263 412 1303 Vl.
435 1262 556 1303 Alios
581 1264 754 1317 populos
785 1263 825 1303 in
847 1263 994 1304 finibus
1014 1263 1113 1318 ipsis
1142 1265 1323 1308 hostibus
1357 1266 1547 1321 opponit:
1565 1259 1692 1302 Rgnum
1713 1305 1720 1312 .

113 1322 216 1365 alios
237 1322 281 1363 in
301 1320 492 1363 extremis
515 1321 650 1377 [regni
671 1320 880 1376 terminis]
904 1322 1039 1363 statuit
1058 1341 1069 1371 ;
1100 1325 1298 1378 quosdam
1328 1326 1436 1366 bello
1454 1341 1550 1380 cap·
1563 1306 1744 1379 ssssfflffm

109 1388 171 1422 tos
185 1381 229 1423 in
248 1379 538 1435 supplementis
556 1378 720 1419 urbium
737 1378 899 1420 dividit.
950 1383 1094 1436 Atque
1114 1382 1172 1422 ita
1188 1397 1239 1422 ex
1261 1383 1401 1424 multis
1420 1384 1552 1436 genti-

109 1440 185 1481 bus
199 1436 517 1493 nationibusque
531 1452 659 1478 unum
676 1452 848 1492 regnum
866 1439 1147 1494 populumque
1164 1440 1383 1484 constituit.
1422 1441 1551 1483 Com-

107 1497 251 1552 positis
269 1496 546 1552 ordinatisque
569 1495 820 1550 Macedoniae
841 1493 978 1546 rebus,
997 1502 1012 1519 ²
1026 1497 1254 1548 Dardanos,
1272 1502 1287 1528 ³
1299 1500 1549 1556 caeter6sque

109 1554 317 1607 finitimos,
336 1556 476 1596 fraude
497 1562 650 1607 captos,
670 1562 890 1608 expugnat.
941 1555 1017 1594 Sed
1038 1569 1110 1594 nec
1133 1555 1156 1595 a
1176 1555 1375 1608 proximis
1405 1572 1549 1600 manus

109 1613 296 1655 abstinet.
356 1610 566 1667 Siquidem
586 1615 599 1636 ⁴
613 1613 823 1666 Arrybam
844 1626 979 1666 regem
998 1611 1130 1665 Epiri,
1150 1613 1266 1653 uxori
1286 1628 1383 1663 suae,
1396 1615 1544 1671 Olym·
1558 1620 1756 1654 ΑΜΒ-719.

109 1671 220 1726 piadi
238 1670 459 1712 arctissima
473 1668 709 1723 cognatione
720 1669 920 1723 junctum,
937 1670 1086 1722 pellere
1104 1684 1227 1725 regno
1246 1671 1407 1713 statuit:
1427 1684 1544 1728 atque
1560 1664 1698 1737 3¹}ng
1712 1669 1743 1696 ³·

107 1730 407 1777 Alexandrum,
430 1727 661 1782 privignum
684 1727 786 1781 ejus,
804 1726 946 1767 uxoris
963 1728 1227 1782 Olympiadis
1240 1729 1423 1780 fratrem,
1443 1744 1545 1784 pue·
1557 1711 1758 1783 Αὲςζςζὲὲὲζ

107 1802 199 1829 rum
220 1790 394 1829 honestae
420 1784 747 1839 pulchritudinis,
764 1784 805 1824 in
828 1784 1112 1825 Macedoniam
1132 1786 1295 1826 nomine
1315 1788 1461 1828 sororis
1481 1804 1545 1829 ar·-
1775 1786 1777 1788 ¹

108 1845 246 1895 cessit;
263 1844 457 1899 omnique
470 1843 602 1884 studio
613 1842 890 1892 sollicitatum,
903 1857 971 1895 spe
986 1843 1099 1898 regni
1113 1843 1318 1884 stimulato
1334 1860 1483 1896 amore,
1494 1849 1545 1888 ad

108 1904 238 1957 stupri
257 1901 588 1945 consuetudinem
619 1900 823 1955 perpulit3
859 1900 1012 1953 majora
1032 1902 1074 1940 in
1094 1916 1140 1940 eo
1161 1903 1353 1958 obsequia
1382 1904 1545 1946 habitu·

107 1975 204 2012 rus;
226 1961 313 2012 sive
330 1960 583 2002 conscientiae
604 1961 773 2013 pudore,
794 1957 879 1999 sive
898 1957 1013 2014 regni
1031 1959 1245 2001 beneficio.
1294 1961 1402 2001 Cum
1417 1961 1544 2017 igitur

633 2049 1012 2081 INTERPRETATIO.

150 2123 167 2144 ²
184 2123 276 2155 Dolor
288 2123 397 2159 crescit,
411 2122 474 2152 dum
487 2132 546 2151 eum
559 2119 734 2151 dissimulare
749 2125 910 2157 conantur,
929 2124 955 2148 et
969 2117 995 2148 εδ
1009 2120 1099 2161 major
1115 2126 1164 2156 est,
1187 2119 1237 2161 qm}
1251 2121 1339 2151 minu:
1351 2121 1408 2162 sas
1430 2127 1470 2153 en·
1484 2134 1554 2159 eum-

96 2169 198 2212 palam
210 2168 322 2198 testari.

739 2216 780 2246 N
788 2216 812 2246 0
826 2215 910 2246 TAE.

109 2287 234 2320 nicrum
255 2283 361 2327 oper-i,
380 2292 487 2325 pacem
502 2281 536 2312 ea
553 2280 727 2313 conditione
748 2280 807 2312 im·
879 2285 907 2313 ⁴2.
923 2279 1100 2322 Dardanon]
1144 2280 1206 2322 Qui
1222 2280 1252 2311 in
1269 2280 1304 2312 ea
1318 2288 1406 2322 parte
1424 2281 1541 2324 lllyrici

110 2328 259 2373 petravit,
273 2334 309 2359 ut
331 2328 395 2368 ipse
410 2335 480 2356 cum
503 2324 564 2355 suis
585 2324 680 2364 copiis
702 2323 761 2355 alib
778 2334 808 2355 se
836 2323 1026 2361 habitabant,
1046 2333 1114 2365 quae
1136 2323 1243 2365 postea
1265 2325 1373 2365 Mysia
1388 2326 1541 2357 Mediter-

49 2393 55 2406 .
109 2382 161 2403 cor
168 2371 280 2402 ferret:
296 2379 403 2411 quare,
413 2366 484 2398 dut-51
499 2365 683 2408 zcceptique
695 2366 808 2405 fide‚in
836 2377 927 2397 tanea
941 2366 1023 2398 dicta
1033 2374 1090 2396 est.

109 2412 359 2456 Peloponnesum
374 2420 404 2441 se
420 2409 545 2450 recepit.
879 2413 898 2440 3
926 2407 1258 2450 Caeterbsquefinitt'mos]
1272 2408 1436 2440 Thessalos
1446 2418 1538 2442 vocat

153 2459 179 2488 1.
193 2457 261 2487 Non
271 2455 354 2485 tibm·
358 2451 546 2495 parentibus]
560 2449 659 2482 causi
668 2451 808 2482 Phocen-
838 2451 968 2481 Diodor.
986 2451 1050 2492 qui,
1063 2450 1200 2490 tyrannis
1214 2451 1331 2491 ejectis,
1346 2451 1492 2494 Philippo
1505 2463 1537 2483 se

107 2497 187 2529 nium
198 2493 474 2539 Amphictionibus
488 2491 647 2534 permisss,
660 2493 808 2523 sancitum
837 2493 1032 2528 dediderunt.
1048 2492 1161 2533 aliique
1174 2492 1265 2522 vicini
1279 2494 1408 2525 Graeciae
1419 2495 1538 2536 populi.

108 2547 172 2577 est:
195 2547 230 2570 ut
245 2539 341 2570 trium
358 2538 388 2568 in
405 2535 543 2568 Phocide
557 2534 680 2566 urbium
697 2535 809 2566 moenia
879 2540 910 2566 4.
921 2535 1094 2578 Arrybam]
1107 2535 1203 2575 Cujus
1213 2545 1305 2576 opera
1314 2535 1410 2577 Olym
1434 2537 1538 2568 iadem

108 2583 354 2613 destruerentur:
374 2578 477 2610 exules
489 2578 691 2610 Phocensium
707 2578 808 2618 piacu-
837 2588 964 2608 uxorem
977 2578 1114 2608 duxerat.
1151 2579 1212 2607 Res
1224 2577 1310 2608 aliter
1327 2579 1357 2608 se'
1371 2547 1489 2615 habuit.
1500 2593 1536 2610 ex

109 2624 188 2655 lares
198 2623 397 2660 haberentur,
411 2631 467 2652 nec
481 2629 586 2662 equos,
601 2630 656 2651 nec
668 2629 753 2650 arma
768 2620 811 2650 eis
838 2622 954 2651 Diodor.
979 2620 1061 2652 cum
1079 2619 1204 2660 Arryba
1219 2629 1299 2650 anno
1313 2620 1400 2661 regni
1415 2621 1538 2653 decimo

108 2673 242 2698 tractare
256 2664 370 2696 liceret.
406 2665 523 2695 Diodor.
536 2669 563 2693 et
577 2663 718 2694 Demostb.
747 2662 808 2692 Hie
837 2662 972 2701 obiisset,
981 2662 1087 2693 relicto
1096 2661 1161 2693 filio
1171 2660 1368 2703 AEacidi,qui
1380 2664 1538 2704 Pyrrhum

109 2708 188 2740 sacri
202 2705 276 2739 beni
287 2706 356 2738 finis
369 2705 429 2740 fuit
442 2715 535 2747 wno',
548 2711 713 2749 postquam
728 2714 810 2748 coep·
837 2704 956 2746 genuit,
980 2703 1158 2735 Alexandro
1173 2703 1368 2746 Olympiaffis
1387 2716 1538 2747 germano

112 2757 180 2783 nun
193 2758 250 2791 est,
260 2748 390 2781 decimo.
837 2757 969 2790 regnum
980 2747 997 2780 a
1014 2746 1159 2788 Philippo
1175 2756 1350 2779 concessum
1365 2755 1421 2779 est,

1146 2797 1222 2829 G3
