1903 3076
596 175 709 218 LIB.
730 174 790 216 11.
824 175 954 218 CAP.
977 175 1038 217 ΙΙ.

92 257 327 316 νεσροἰαηιιιν
344 270 467 312 aquae‚
495 256 740 300 nihilominas
759 258 847 310 coli,
865 257 942 299 nisi
960 261 972 278 ²
985 257 1133 298 excluso
1152 257 1250 299 Nilo
1266 273 1338 299 non
1348 260 1534 316 potuerit,

92 333 163 358 non
174 328 282 374 posse
299 314 426 356 videri
436 316 624 357 hominum
643 326 830 358 vetustate
847 316 1036 367 ultimam,
1064 332 1148 371 quae
1165 316 1243 357 sive
1259 332 1304 356 ex
1319 319 1535 372 aggeratio-

52 413 58 419 .
93 375 202 415 nibus
218 388 358 429 regum,
377 372 456 414 sive
476 373 574 415 Nili
595 374 781 416 trahentis
801 375 947 425 limum,
976 383 1169 415 terrarum
1195 375 1445 417 recentissima
1473 375 1535 417 vi-

90 434 241 474 deatur.
301 431 380 472 His
399 430 524 487 igitur
544 433 795 489 argumentis
817 432 1019 487 superatis
1039 432 1270 488 AEgyptiis‚
1290 433 1536 489 antiquiores

95 503 256 542 semper
275 489 437 543 Scythae
453 489 547 531 visi.

148 546 282 587 CAP.
302 546 364 587 ΙΙ.

92 606 144 646 ab
165 619 247 645 uno
265 605 392 645 latere
422 605 565 658 Ponto,
595 615 636 647 et
653 608 703 647 ab
725 607 849 648 altero
880 610 895 635 3
912 606 1120 648 montibus
1149 606 1350 660 Riphaeis,
1382 607 1404 648 ὲ
1424 616 1536 664 tergo

90 662 196 703 Asia
212 670 254 703 et
267 667 282 688 ⁴
292 662 414 704 Phasi
431 663 613 704 flumine.
656 664 842 706 Multum
859 665 900 705 in
915 664 1211 721 longitudinem
1226 674 1265 705 et
1277 665 1537 707 latitudinem

85 728 216 774 patet.
267 720 547 763 aHominibus
565 720 668 762 inter
687 737 729 763 se
749 722 854 763 nulli
875 723 989 774 fines,
1017 737 1149 778 neque
1170 723 1282 763 enim
1299 738 1445 779 agrum
1463 740 1537 765 ex-

90 786 242 829 ercent,
268 793 341 820 nec
362 781 505 820 domus
525 779 609 820 illis
628 781 729 832 ulla,
750 789 821 821 aut
851 789 1018 831 tectum,
1040 789 1110 821 aut
1128 782 1241 822 sedes
1259 789 1333 831 est,
1355 791 1539 825 armenta

89 844 130 876 et
148 851 295 889 pecora
314 852 472 890 semper
490 838 763 890 pascentibus,
792 848 831 879 et
849 853 922 892 per
941 838 1114 880 incultas
1144 839 1382 881 solitudines
1404 855 1537 882 errare

82 893 238 934 solitis.
299 896 457 936 Uxores
475 896 709 952 liberosque
730 911 871 938 secum
892 903 907 927 ⁵
915 895 959 936 in
979 896 1172 950 plaustris
1194 899 1365 950 vehunt,
1385 898 1537 952 quibus

83 954 106 983 -⁶
118 951 239 993 coriis
258 951 456 994 imbrium
485 952 729 1009 hyemisque
750 955 870 995 causa
897 955 1028 1006 tectis,
1044 969 1118 1008 pro
1139 954 1330 995 domibus
1352 965 1536 997 utuntur.

86 1009 110 1050 J
113 1009 251 1050 ustitia
264 1010 400 1065 ‘gentis
421 1011 595 1067 ingeniis
611 1014 733 1063 culta,
754 1027 836 1053 non
856 1012 1036 1068 legibus.
1081 1012 1264 1052 Nullum
1283 1015 1412 1055 scelus
1429 1016 1538 1067 apud

89 1081 165 1109 eos
182 1068 289 1109 furto
302 1068 487 1123 gravius3
509 1069 662 1125 quippe
679 1070 765 1112 sine
786 1079 892 1112 tecto
909 1069 1243 1125 munimentoque
1259 1084 1406 1124 pecora
1419 1082 1457 1113 et
1473 1087 1537 1112 ar-

90 1134 229 1166 menta
247 1125 352 1167 inter
381 1128 519 1183 sylvas
540 1129 802 1179 habentibus,
833 1128 931 1184 quid
950 1128 1110 1169 salvum
1129 1137 1246 1180 esset,
1279 1129 1314 1170 si
1335 1129 1464 1170 furari
1484 1130 1537 1170 li-

88 1184 226 1224 caret?
261 1185 427 1225 Aurum
443 1194 482 1226 et
497 1196 709 1240 argentum
728 1186 894 1240 perinde
914 1194 1179 1240 aspernantur
1198 1202 1244 1226 ac
1263 1186 1411 1242 reliqui
1428 1203 1537 1228 mor-

88 1242 190 1282 tales
219 1252 429 1296 appetunt.
489 1243 612 1284 Lacte
633 1253 672 1284 et
692 1245 813 1284 melle
843 1254 1075 1286 vescuntur.
1134 1244 1255 1284 Lanae
1284 1244 1337 1286 iis
1362 1260 1460 1286 usus
1490 1261 1536 1286 ac

87 1298 265 1340 vestium
294 1300 456 1356 ignotus
473 1317 482 1340 :
528 1311 567 1342 et
600 1317 834 1358 quanquam
864 1302 1066 1344 continuis
1102 1301 1325 1355 frigoribus
1356 1313 1538 1354 urantur,

88 1361 104 1384 ⁷
120 1357 299 1411 pellibus
320 1368 456 1399 tamen
475 1359 620 1400 ferinis
640 1369 710 1401 aut
728 1360 899 1402 murinis
917 1369 1098 1401 utuntur.
1146 1360 1247 1400 Haec
1268 1361 1538 1402 8continentia.

87 1415 172 1456 illis
193 1431 353 1457 morum
370 1417 534 1472 quoque
551 1417 752 1471 justitiam
768 1418 907 1469 edidit,
926 1418 1034 1459 nihil
1053 1418 1232 1459 alienum
1245 1418 1537 1472 concupiscen-

86 1473 213 1515 tibus.
287 1474 452 1529 QUu’PE
487 1475 643 1516 ibidem
676 1476 915 1517 divitiarum
946 1475 1094 1530 cupido
1125 1486 1200 1532 est,
1239 1477 1312 1517 ubi
1349 1487 1389 1518 et
1423 1493 1534 1518 usus.

88 1533 263 1588 '’Atque
293 1533 449 1574 utinam
468 1533 640 1590 reliquis
668 1534 909 1576 mortalibus
931 1534 1081 1576 similis
1110 1533 1348 1587 moderatio,
1368 1543 1408 1575 et
1427 1534 1536 1576 absi-

588 1624 591 1625 ν
622 1607 1000 1639 INTERPRETATIO.

130 1658 146 1678 ²
165 1659 297 1690 Hominis
313 1662 393 1691 unius
416 1660 618 1702 possessiones
629 1661 664 1691 ab
677 1663 796 1693 alterius
831 1663 903 1693 bella
916 1662 1038 1692 omnibus
1051 1663 1157 1692 saeeulis
1175 1667 1341 1702 gererentur
1361 1661 1392 1691 t'n
1413 1662 1536 1693 omnibus

86 1700 190 1737 bunia,
204 1704 308 1734 nullius
324 1706 448 1736 terminis
464 1704 617 1734 distinctae
631 1710 704 1735 sunt.

831 1705 997 1747 regionibus,
1023 1712 1051 1735 et
1071 1717 1122 1734 non
1146 1707 1246 1746 plures
1273 1704 1394 1734 homines
1416 1705 1444 1733 in
1467 1705 1536 1734 bello

127 1744 145 1770 b
160 1746 255 1786 Atque
269 1748 376 1776 utinam
391 1750 482 1777 ceteri
500 1747 624 1777 homines
638 1759 689 1777 non
705 1749 795 1789 magis
824 1749 920 1789 gladio
935 1754 1120 1784 morerentur,
1143 1759 1229 1790 quam
1241 1747 1372 1777 naturali
1384 1753 1472 1777 morte
1480 1754 1534 1789 pe-

86 1788 178 1818 cliena
192 1788 447 1831 bona‘appeterent,
460 1796 532 1822 certe
551 1802 604 1820 non
618 1796 658 1820 tot
672 1802 705 1820 ac
713 1796 795 1821 tanta
830 1797 919 1821 reunt.
948 1812 952 1815 Α
1144 1793 1148 1797 “

728 1845 890 1879 NOTAE.

135 1899 162 1926 l.
175 1896 300 1927 Excluso
318 1897 417 1940 Nilo.]
439 1892 502 1938 Qui
517 1907 554 1928 ex
568 1899 668 1929 Lunae
681 1897 796 1929 monti·

87 1935 146 1968 bus
161 1939 332 1979 prosilienS‚
353 1939 549 1982 AEthiopiam
565 1949 597 1972 et
614 1942 795 1983 AEgyptum

89 1980 166 2011 duas
181 1981 211 2011 in
226 1989 329 2023 partes
343 1982 468 2019 dividit,
488 1990 518 2013 et
533 1990 663 2025 propter
686 1985 794 2014 Mem-

86 2022 174 2064 phim
192 2024 306 2055 multos
319 2024 350 2055 in
365 2024 468 2056 alveos
489 2023 641 2064 diffluens,
663 2026 694 2056 in
709 2035 794 2056 mare

90 2065 356 2097 Mediterraneum
389 2075 507 2108 septem
529 2068 614 2099 ostiis
645 2067 792 2104 illabitur,

81 2118 222 2148 ¹quorum
238 2116 375 2140 extrema
390 2118 459 2141 sunt
473 2111 666 2152 Canopicum
681 2111 719 2142 ad
732 2113 793 2142 Oe·

85 2150 254 2190 cidentem,
269 2160 301 2182 et
318 2151 510 2183 Pelusiacum
524 2153 564 2183 ad
579 2153 752 2185 Orientem.

130 2196 161 2223 2.
175 2193 315 2236 Scythia]
338 2194 462 2236 Duplex
475 2195 534 2226 suit
549 2206 586 2226 ex
601 2195 772 2227 Ptolemaeo
785 2208 793 2234 ;

87 2235 254 2277 Europaea,
275 2247 345 2278 quae
375 2237 478 2267 minor
502 2237 625 2275 dicitur,
645 2238 676 2268 in
698 2248 793 2280 quam

86 2278 202 2310 Darius
210 2278 366 2320 profectus
378 2287 423 2310 est
434 2296 441 2312 ι
457 2280 604 2321 Asiatica,
613 2291 682 2322 quae
693 2281 795 2322 major

87 2320 119 2350 in
131 2320 191 2362 qui
202 2322 303 2362 Cyrus
312 2322 330 2352 a
344 2322 531 2363 Massagetis
543 2323 666 2354 occisus.
688 2324 793 2355 Prima

87 2362 283 2403 Borysthene
311 2371 343 2395 et
372 2365 475 2395 Tanai
506 2365 703 2404 terminatur,
738 2365 792 2396 ubi

87 2414 170 2435 nunc
180 2406 306 2436 Tartari
317 2408 544 2448 Praecopenses,
552 2415 583 2439 et
593 2407 791 2439 Moscovitae:

87 2446 187 2478 altera
199 2447 313 2479 iterum
329 2448 443 2490 duplex
460 2458 515 2486 est,
525 2460 586 2481 una
600 2451 618 2482 a
633 2451 736 2481 Tana'i
754 2451 793 2482 ad

826 1908 952 1929 nascens
967 1908 1004 1929 ex
1024 1897 1185 1930 Armeniae
1204 1896 1375 1937 montibus,
1396 1895 1427 1928 in
1451 1897 1535 1928 Pon-

827 1949 894 1973 tum
910 1941 1067 1973 Euxinum
1082 1940 1192 1973 influit.

867 1987 897 2015 5.
907 1986 944 2014 In
957 1986 1099 2025 plaustris
1112 1982 1350 2025 vehunt-JUnde
1361 1981 1471 2013 domos
1482 1993 1531 2014 su-

825 2036 856 2057 as
872 2026 902 2057 in
917 2025 1061 2067 plaustris
1075 2026 1189 2057 habere
1205 2026 1360 2056 dicuntur.

866 2073 896 2100 6.
907 2069 1026 2112 coriis]
1037 2068 1223 2105 Corticibus‚
1232 2078 1293 2098 non
1303 2067 1393 2098 coriis
1403 2074 1483 2098 tecta
1492 2067 1530 2098 il-

823 2110 924 2143 lorum
933 2111 1068 2152 plaustra
1076 2110 1209 2141 affirmat
1217 2110 1375 2141 Ammian.
1387 2109 1531 2141 Marcell.

865 2157 895 2186 7.
916 2155 1042 2185 Pellibus
1064 2161 1155 2184 tamen
1170 2155 1281 2194 ferinis
1310 2159 1360 2182 aut
1381 2152 1531 2194 murinis]

825 2197 885 2228 Per
905 2195 1018 2228 ferinas
1038 2195 1135 2238 pelles
1157 2195 1304 2236 intelligit
1327 2193 1531 2236 grandiorum

822 2238 972 2278 ferarum,
995 2247 1029 2271 ut
1044 2246 1115 2270 sunt
1137 2238 1214 2279 lupi,
1233 2237 1345 2272 leones.
1368 2237 1529 2278 leopardi3

823 2289 854 2312 et
869 2292 925 2323 per
946 2282 1094 2319 murinas,
1113 2281 1210 2323 pelles
1231 2280 1388 2310 minorum
1411 2279 1527 2316 anima?

823 2323 912 2362 lium,
923 2330 959 2355 ut
970 2331 1039 2355 sunt
1048 2331 1212 2359 martureS,
1222 2320 1529 2361 n1aeles,vulpeculae‚

822 2366 954 2397 simones
966 2365 1114 2405 Parthici,
1128 2366 1186 2397 &c.
1199 2375 1333 2407 quorum
1348 2363 1480 2405 pellibus
1491 2364 1530 2393 ad

822 2409 982 2447 vestitum,
1013 2417 1045 2440 et
1067 2407 1191 2449 Scythae
1215 2414 1246 2438 et
1271 2406 1363 2437 multi
1384 2405 1530 2446 deinceps

822 2451 928 2493 populi
943 2451 989 2483 usi
1001 2459 1088 2489 sunt;
1105 2450 1178 2492 quin
1188 2450 1283 2481 etiam
1292 2456 1414 2480 veteres
1423 2448 1531 2482 Latini

88 2497 228 2520 montem
246 2492 365 2522 Imaum
379 2492 465 2532 juxta
478 2493 625 2534 Caspium
639 2502 726 2523 mare
741 2503 792 2524 ex·
821 2503 948 2525 nomme
978 2503 1127 2530 murium,
1148 2492 1232 2528 ‚feles
1260 2491 1354 2533 ipsos,
1382 2497 1452 2521 tum
1473 2490 1530 2520 do-

88 2531 245 2570 tenditur;
267 2534 398 2564 secunda
413 2545 450 2565 ex
469 2545 530 2565 una
542 2544 631 2583 parte
646 2536 743 2572 lmao,
756 2546 793 2566 ex

88 2573 186 2605 altera
207 2575 288 2606 Sacis
302 2583 333 2606 et
350 2575 434 2607 India
456 2573 616 2617 definitur,
636 2577 691 2608 ubi
712 2588 793 2609 nunc

88 2616 228 2656 Tartari,
242 2625 273 2648 et
287 2628 420 2660 regnum
437 2620 554 2660 Mogul.

131 2663 161 2689 23.
187 2661 338 2691 Montibus
363 2661 510 2704 Riphaeis]
562 2662 617 2693 Ad
639 2669 794 2693 extremos

91 2700 226 2751 Sscythiae
246 2700 322 2734 fines
335 2703 438 2746 positi,
459 2705 708 2747 Septentrionem
722 2715 793 2736 ver-

88 2753 148 2773 2113.

131 2790 159 2817 ε.
182 2786 296 2830 Phasi]
329 2787 520 2831 Colchorum
534 2797 579 2823 est
600 2789 726 2830 fluvius,
739 2789 790 2833 qui

822 2536 977 2576 mesticos,
994 2544 1063 2567 tum
1078 2535 1160 2566 feros
1171 2533 1486 2576 comprehenderunt,
1498 2540 1530 2563 et

823 2578 940 2620 majora
965 2579 1060 2610 etiam
1085 2576 1241 2615 animalia,
1262 2576 1335 2606 cnm
1361 2573 1533 2606 Panthetas

822 2621 958 2652 Romani
973 2631 1077 2652 mures
1088 2619 1256 2651 Africanos
1269 2617 1412 2648 dixerint.

865 2666 896 2693 8.
922 2661 1120 2704 Continentia]
1163 2663 1237 2693 Non
1260 2668 1324 2691 tam
1339 2660 1378 2690 ad
1393 2658 1531 2690 historia

822 2705 1000 2744 veritatem,
1017 2715 1111 2748 quam
1133 2704 1173 2735 ad
1196 2703 1383 2745 Scytharum
1405 2701 1529 2734 laudem

821 2747 887 2782 haec
902 2748 1020 2792 scripsit
1044 2747 1191 2782 Iustinus.

1099 2831 1179 2873 Ca

1692 187 1744 221 21

426 552 440 568 ²·
458 548 626 603 Scythia
654 557 792 591 autern
811 548 855 590 in
871 548 1085 590 Orientem
1113 557 1295 603 porrecta
1316 549 1536 592 includitur
1549 558 1712 608 Desmfpti·

1549 602 1721 686 {2325‘3035

1549 688 1674 718 tharam.
