1903 3076
615 208 726 250 LIB.
747 206 893 249 XLII.
925 207 1056 250 CAP.
1079 207 1164 249 IV.

176 288 324 345 viginti
350 287 479 329 millia
498 302 689 341 passuum
710 289 859 343 grande
877 287 962 340 jam
981 287 1130 328 flumen
1153 293 1164 310 ¹
1181 286 1226 326 in
1246 284 1411 342 regi0ne
1426 285 1611 340 Sophene

176 347 366 403 emergit,
384 361 430 386 ac
449 345 506 386 sic
526 346 567 386 in
589 353 603 370 ²
616 347 784 399 paludes
804 344 1025 398 Euphratis
1041 344 1250 397 recipitur.

238 404 369 446 CAP.
392 403 476 444 IV.
509 402 640 458 Igitur
662 403 924 444 Mithridates
955 417 1028 443 rex
1057 403 1312 452 Parthorum,
1346 410 1437 455 post
1455 401 1611 442 bellurn
1630 407 1730 437 Orodes
1747 406 1819 438 Mi-

176 461 400 511 Armeniae‚
416 470 579 514 propter
592 461 868 502 crudelitatem
885 460 907 500 ὲ
922 469 1061 502 senatu
1073 459 1278 511 Parthico,
1293 475 1416 514 regno
1431 459 1610 512 pellitur.
1625 451 1759 521 ‘brif'a'oi‘

176 518 317 561 Frater
334 520 423 573 ejus
443 526 456 550 3
471 521 639 570 Orodes,
669 519 763 560 curn
784 533 958 574 regnum
978 533 1126 559 vacans
1147 518 1397 571 occupasset,
1431 517 1610 572 Babylo·
1620 504 1783 576 ZZZ-'2152
1797 539 1823 563 Α

174 576 298 627 niam,
320 577 402 632 quo
419 577 679 618 Mithridates
697 577 948 631 confugerat,
966 576 1037 616 diu
1057 575 1240 625 obsidet3
1260 584 1301 616 et
1315 576 1423 616 fame
1438 583 1612 625 coactos,
1624 578 1746 608 cladibus
1761 579 1825 618 agi-

172 633 218 676 in
235 635 483 676 deditionem
505 636 726 689 oppidanos
747 634 970 688 compellit.
1011 633 1275 674 Mithridates
1293 642 1444 684 autem,
1464 631 1611 673 fiducia
1626 626 1716 650 ΜΨ·

174 693 440 747 cognationis,
458 694 566 733 ultro
587 708 627 734 se
647 693 689 733 in
709 701 946 746 potestatem
965 692 1114 732 Orodis
1136 692 1271 732 tradit.
1313 696 1327 714 ³
1342 692 1421 733 Sed
1442 692 1614 739 Orodes,

172 750 267 804 plus
286 752 444 792 hostem
465 751 591 806 quam
611 751 776 792 fratrem
794 750 991 805 cogitans,
1023 750 1067 790 in
1088 759 1305 803 conspectu
1328 764 1401 790 suo
1420 747 1613 790 trucidari
1628 763 1822 794 AMAOOI.

173 823 269 849 eum
280 808 416 862 jussit:
437 817 476 849 et
485 811 664 862 posthaec
680 810 835 849 bellum
849 823 943 848 cum
955 807 1155 848 Romanis
1167 807 1615 862 gessit‚⁴Crassumque
1631 805 1680 837 ol.
1704 808 1772 859 1814
1793 808 1823 835 4·

172 865 462 920 imperatorem
480 882 574 908 cum
594 867 680 907 filio
696 875 734 907 et
747 866 858 908 omni
874 865 1055 906 exercitu
1070 866 1259 906 Romano
1280 865 1443 906 delevit.
1478 865 1614 918 Hujus
1630 847 1747 923 Xsscc'
1757 851 1824 921 ’530

177 924 285 965 filius
305 928 320 952 ⁵
330 925 520 973 Pacorus,
537 925 685 965 missus
701 926 750 966 ad
766 925 1065 979 persequendas
1083 923 1264 964 Romani
1285 923 1384 963 belli
1404 922 1615 978 reliquias,
1748 915 1754 921 ”

171 981 336 1038 magnis
355 984 474 1024 rebus
497 983 538 1023 in
561 983 682 1038 Syria
702 982 839 1037 gestis,
858 982 898 1022 in
920 981 1126 1024 Parthiam
1142 981 1248 1035 patri
1267 990 1477 1034 suspectus
1496 995 1615 1021 revo-

172 1049 305 1081 catur:
325 1056 406 1096 quo
418 1042 596 1091 absente,
609 1040 809 1081 exercitus
818 1041 1059 1083 Parthorum
1072 1039 1236 1080 relictus
1248 1039 1289 1079 in
1304 1039 1440 1094 Syriai,
1452 1038 1499 1077 δὲ
1512 1038 1616 1080 Cas-

175 1097 237 1139 sio
258 1107 458 1154 quaestore
482 1098 634 1148 Crassi,
655 1113 748 1139 cum
766 1097 957 1138 omnibus
979 1098 1154 1139 ducibus
1174 1097 1410 1138 trucidatur.
1462 1096 1540 1136 His
1559 1096 1617 1137 ita

174 1156 313 1211 gestis,
324 1171 403 1197 non
413 1172 562 1212 magno
575 1166 665 1210 post
678 1166 872 1210 tempore,
881 1156 1080 1196 Romanis
1092 1155 1196 1196 inter
1207 1155 1409 1198 Caesarem
1419 1153 1616 1209 Pompei-

173 1228 328 1268 umque
361 1214 483 1255 civile
512 1215 669 1261 bellum
700 1214 829 1255 oritur
844 1231 852 1254 :
890 1215 908 1240 b
928 1213 970 1254 in
991 1229 1072 1268 quo
1101 1213 1244 1254 Parthi
1274 1213 1618 1266 Pompeianarum

172 1272 352 1326 partium
373 1272 502 1321 fuere,
522 1281 560 1312 et
577 1282 740 1325 propter
755 1271 977 1312 amicitiam
997 1286 1090 1311 cum
1108 1270 1306 1325 Pompeio
1318 1271 1428 1312 bello
1443 1269 1617 1312 Mithri-

174 1328 310 1370 datico
345 1329 546 1384 junctam,
585 1338 626 1370 et
669 1339 845 1383 propter
874 1328 1011 1369 Crassi
1051 1343 1210 1380 necem,
1250 1329 1367 1382 cujus
1405 1328 1536 1369 filium
1573 1328 1617 1369 in
1639 1326 1646 1332 ⁴

171 1385 355 1446 partibus
377 1387 548 1430 Caesaris
568 1403 654 1429 esse
676 1387 883 1429 audierant
894 1401 909 1436 ς
938 1401 1065 1444 quem
1093 1387 1268 1428 ultorem
1287 1385 1432 1441 patris,
1460 1387 1617 1428 victore

1745 211 1825 246 309

702 1516 1080 1549 INTERPRETATIO.

215 1588 232 1610 ι
256 1590 314 1622 Sed
334 1591 434 1622 Orodes
449 1593 537 1632 magis
556 1594 678 1635 cogitans
700 1592 789 1624 illum
811 1604 873 1625 esse
906 1595 1034 1635 Pompei,
1065 1599 1184 1634 propter
1212 1592 1366 1622 amicitiam
1392 1593 1523 1633 junctam
1552 1601 1612 1626 cum

171 1631 275 1663 hostem
288 1634 353 1670 sibi,
364 1647 448 1676 quam
462 1645 551 1666 suum
555 1637 697 1676 fratrem.
906 1637 1050 1677 Pompeio,
1069 1634 1144 1666 cum
1159 1633 1277 1666 bellum
1292 1641 1416 1675 gereret
1430 1636 1459 1664 in
1476 1633 1611 1664 Mithri,-

213 1675 232 1707 δ
264 1675 302 1707 In
329 1689 381 1718 quo
409 1677 517 1708 Parthi
540 1679 676 1710 stetErunt
697 1678 716 1709 ἃ
740 1679 872 1721 partibus
903 1681 1002 1711 dotem.

811 1777 980 1810 NOTAE.
1036 1804 1037 1807 ,

210 1853 244 1882 ·l.
259 1852 296 1882 In
311 1853 420 1894 regione
433 1852 579 1896 Sophenen]
600 1852 701 1895 Regio
716 1852 876 1884 Armeniae

172 1893 310 1941 majoris,
333 1895 364 1925 in
390 1895 630 1938 Mesopotamiae
655 1894 800 1935 confinio,
822 1894 876 1926 ubi

171 1936 289 1977 Tigris.

907 1851 1067 1894 pugnandi
1092 1851 1181 1895 copia
1201 1851 1302 1889 fieret,
1321 1852 1386 1893 ipse
1408 1853 1519 1884 Carras
1540 1861 1613 1883 cum

908 1895 1029 1936 reliquo
1045 1896 1181 1926 exercitu
1196 1895 1295 1936 sugit3
1318 1894 1372 1926 sed
1386 1894 1480 1937 paulo
1496 1894 1566 1936 post
1581 1894 1614 1924 in

911 1937 1099 1969 Parthorum
1115 1947 1223 1968 manus
1238 1937 1356 1974 incidit,
1374 1937 1393 1969 a
1407 1936 1520 1978 quibus
1533 1936 1616 1967 occi-

216 1981 244 2027 .2.
267 1980 388 2010 Paludes
411 1981 596 2023 Euphratis]
634 1980 759 2012 fluvius
781 1979 877 2016 Asiae,

173 2030 228 2062 qui
243 2029 329 2052 ortus
344 2023 376 2052 in
390 2022 543 2054 Armenia
559 2023 680 2065 majori,
701 2033 770 2053 eam
785 2022 803 2054 a
818 2023 877 2053 mi-

174 2063 256 2101 nori,
279 2071 310 2094 et
326 2065 447 2106 Syriam
462 2065 676 2107 Arabiamque
691 2065 708 2096 a
726 2067 877 2107 Mesopo-

172 2105 269 2136 tamia
296 2115 436 2148 separat3
458 2107 582 2147 deinde,
603 2108 682 2138 infra
707 2107 877 2141 Seleuciam

170 2147 307 2191 junctus,
320 2159 390 2180 cum
405 2150 498 2193 Tigri
512 2151 542 2181 in
558 2151 658 2182 sinum
674 2150 833 2182 Persicum
847 2160 878 2181 se

172 2199 330 2222 exonerat.
751 2228 754 2233 ,

217 2237 248 2264 3.
287 2234 412 2277 Oroden]
469 2236 572 2276 Quem
598 2235 766 2277 Hyrodem
791 2242 881 2266 vocat

173 2273 359 2307 Plutarchus
367 2289 375 2314 ;
389 2276 427 2307 ab
436 2287 473 2308 eo
484 2277 707 2310 Mithridatem
715 2278 878 2321 expulsum

174 2316 251 2349 dicit
265 2318 437 2360 Appianus.

217 2364 248 2392 4.
275 2362 462 2404 Crassumque
486 2364 705 2406 imperatorem]
742 2364 880 2402 CrassuS,

175 2401 304 2434 obtenta
330 2404 429 2445 Syria,
449 2415 503 2446 spe
527 2407 640 2446 praedae
671 2406 794 2438 Parthis
813 2405 878 2437 bel-

175 2443 242 2475 lum
258 2445 382 2484 imulit;
405 2447 471 2486 sed,
482 2456 604 2479 secutus
617 2449 759 2480 Arabem
777 2448 880 2480 nescio

173 2496 280 2535 quem,
303 2488 333 2519 in
347 2488 415 2520 loca
429 2490 559 2530 aequalia
577 2491 760 2533 vastamque
781 2490 879 2533 plani·

174 2535 251 2577 trem
274 2530 346 2561 cum
367 2532 537 2563 exercitum
560 2533 740 2575 imprudens
761 2533 880 2564 dedux-

174 2579 255 2605 isset,
268 2571 285 2601 a
297 2574 413 2604 Surena
425 2575 612 2606 Parthorum
625 2576 703 2608 duce
714 2575 882 2612 lacessitus,

177 2619 209 2643 et
225 2612 322 2644 filium
337 2624 367 2646 et
392 2617 508 2648 multos
530 2619 547 2649 ὲ
568 2618 628 2649 suis
650 2619 769 2656 amisit3
792 2617 880 2649 esim-

174 2664 250 2700 que,
263 2655 443 2699 fugentibus
459 2660 631 2694 identidem
647 2661 782 2700 Parthis,
794 2659 879 2693 nulla

911 1991 960 2010 sus
972 1987 1035 2017 est;
1052 1980 1206 2022 caputque
1221 1979 1386 2012 abscissum
1395 1980 1522 2010 missum
1531 1979 1614 2021 Regi

909 2023 963 2064 qui
980 2032 1092 2053 aurum
1116 2023 1146 2053 in
1163 2022 1225 2053 oris
1239 2023 1352 2054 rictum
1374 2021 1496 2053 infundi
1515 2021 1616 2063 jussit,

909 2073 940 2096 ut
953 2067 1028 2107 cujus
1044 2068 1153 2095 animus
1167 2072 1282 2096 arserat
1295 2067 1362 2095 auri
1375 2067 1536 2107 cupiditate,
1558 2067 1617 2106 {jus

909 2110 992 2138 etiam
1013 2115 1151 2139 mortuum
1172 2110 1294 2139 cadaver
1316 2120 1386 2138 auro
1407 2113 1548 2144 ureretur,
1568 2107 1616 2136 in-

909 2150 977 2193 quit
996 2150 1115 2181 Florus.

950 2196 979 2224 5.
1002 2192 1152 2235 Pacorus]
1183 2191 1359 2234 Regionem
1386 2201 1524 2228 omnem,
1545 2202 1616 2233 quae

910 2235 950 2266 ad
974 2235 1168 2277 Euphratem
1190 2241 1295 2277 usque(
1309 2234 1457 2277 pertinet,
1479 2235 1617 2276 recepit;

909 2277 1070 2319 fluvioque
1085 2277 1274 2314 transmisso,
1289 2277 1401 2319 irrupit
1417 2277 1447 2308 in
1463 2276 1596 2318 Syriam.

938 2324 967 2351 6.
976 2322 1007 2352 A
1016 2322 1111 2351 Cassio
1116 2319 1272 2362 quaestam]
1282 2319 1618 2361 C.CassiusLonginus.

911 2363 983 2394 curn
998 2363 1029 2393 in
1045 2363 1166 2404 Syriam
1182 2369 1252 2405 post
1266 2362 1386 2394 cladem
1399 2362 1500 2394 Crassi
1513 2362 1618 2393 Carris

911 2405 1108 2447 profugisset,
1118 2416 1166 2436 res
1175 2406 1324 2448 prospere
1332 2405 1425 2447 gessit
1435 2405 1465 2435 in
1477 2404 1620 2435 Parthos.

953 2451 982 2480 7.
999 2450 1094 2478 Civile
1103 2449 1203 2479 bellum
1213 2448 1332 2490 oritur]
1348 2447 1442 2488 Quod
1455 2457 1512 2478 nec
1527 2456 1618 2488 supe·

912 2490 1027 2521 riorem
1040 2491 1157 2527 Caesar‚
1169 2501 1225 2521 nec
1236 2495 1344 2532 parem
1358 2490 1525 2531 Pompeius
1535 2488 1618 2520 ferre

913 2540 1032 2575 posset3
1060 2533 1259 2575 Pompeianis
1272 2533 1303 2563 id
1319 2532 1493 2573 agentibus,
1515 2538 1550 2562 ut
1563 2541 1616 2562 ex-

914 2575 998 2617 pleto
1021 2583 1163 2616 tempore
1187 2575 1346 2616 provincia
1374 2577 1477 2606 Caesar
1501 2574 1618 2604 exerci-

915 2617 1011 2659 tuque
1037 2618 1178 2656 cederet3
1202 2617 1383 2648 Caesarianis
1405 2617 1494 2653 vero,
1522 2623 1557 2646 ut
1586 2616 1617 2647 in

915 2660 1000 2692 idem
1013 2667 1174 2703 praestaret
1191 2660 1369 2702 Pompeius.
1384 2658 1599 2691 annitentibus.

1189 2708 1265 2755 313
