<?xml version="1.0" encoding="UTF-8"?>
<!DOCTYPE html PUBLIC "-//W3C//DTD XHTML 1.0 Transitional//EN"
    "http://www.w3.org/TR/xhtml1/DTD/xhtml1-transitional.dtd">
<html xmlns="http://www.w3.org/1999/xhtml" xml:lang="en" lang="en">
 <head>
  <title>
</title>
<meta http-equiv="Content-Type" content="text/html;charset=utf-8" />
  <meta name='ocr-system' content='tesseract 3.04.00' />
  <meta name='ocr-capabilities' content='ocr_page ocr_carea ocr_par ocr_line ocrx_word'/>
</head>
<body>
  <div class='ocr_page' id='page_1' title='image "./dehistoriisphili00just_0086.png"; bbox 0 0 1903 3076; ppageno 0'>
   <div class='ocr_carea' id='block_1_1' title="bbox 935 203 1165 247">
    <p class='ocr_par' dir='ltr' id='par_1_1' title="bbox 935 203 1165 247">
     <span class='ocr_line' id='line_1_1' title="bbox 935 203 1165 247; baseline 0.004 -1"><span class='ocrx_word' id='word_1_1' title='bbox 935 205 957 246; x_wconf 91' lang='lat' dir='ltr'><strong>J</strong></span> <span class='ocrx_word' id='word_1_2' title='bbox 961 203 1165 247; x_wconf 90' lang='lat' dir='ltr'>USTINI</span> 
     </span>
    </p>
   </div>
   <div class='ocr_carea' id='block_1_2' title="bbox 120 283 1781 1618">
    <p class='ocr_par' dir='ltr' id='par_1_2' title="bbox 326 283 1777 689">
     <span class='ocr_line' id='line_1_2' title="bbox 327 283 1773 343; baseline -0.006 -15"><span class='ocrx_word' id='word_1_3' title='bbox 327 288 464 343; x_wconf 86' lang='lat' dir='ltr'><strong>gitur;</strong></span> <span class='ocrx_word' id='word_1_4' title='bbox 484 294 537 338; x_wconf 84' lang='lat' dir='ltr'><strong>et,</strong></span> <span class='ocrx_word' id='word_1_5' title='bbox 558 301 606 338; x_wconf 84' lang='lat' dir='ltr'><strong>ne</strong></span> <span class='ocrx_word' id='word_1_6' title='bbox 624 301 704 340; x_wconf 85' lang='lat' dir='ltr'><strong>qua</strong></span> <span class='ocrx_word' id='word_1_7' title='bbox 724 284 922 326; x_wconf 85' lang='lat' dir='ltr'><strong>dissentio</strong></span> <span class='ocrx_word' id='word_1_8' title='bbox 943 283 1210 339; x_wconf 17' lang='lat' dir='ltr'><strong>extanteactis</strong></span> <span class='ocrx_word' id='word_1_9' title='bbox 1231 289 1477 331; x_wconf 84' lang='lat' dir='ltr'><strong>nasceretur,</strong></span> <span class='ocrx_word' id='word_1_10' title='bbox 1499 296 1641 323; x_wconf 88' lang='lat' dir='ltr'><strong>omnes</strong></span> <span class='ocrx_word' id='word_1_11' title='bbox 1658 283 1773 337; x_wconf 84' lang='lat' dir='ltr'><strong>jure.</strong></span> 
     </span>
     <span class='ocr_line' id='line_1_3' title="bbox 326 340 1772 400; baseline -0.003 -14"><span class='ocrx_word' id='word_1_12' title='bbox 326 347 499 400; x_wconf 84' lang='lat' dir='ltr'><strong>jurando</strong></span> <span class='ocrx_word' id='word_1_13' title='bbox 519 346 842 398; x_wconf 73' lang='lat' dir='ltr'>obstringuntur,</span> <span class='ocrx_word' id='word_1_14' title='bbox 862 343 1153 384; x_wconf 80' lang='lat' dir='ltr'>discordiarum</span> <span class='ocrx_word' id='word_1_15' title='bbox 1175 341 1429 382; x_wconf 88' lang='lat' dir='ltr'><strong>oblivionem</strong></span> <span class='ocrx_word' id='word_1_16' title='bbox 1448 341 1552 381; x_wconf 83' lang='lat' dir='ltr'><strong>fore.</strong></span> <span class='ocrx_word' id='word_1_17' title='bbox 1613 340 1772 381; x_wconf 67' lang='lat' dir='ltr'><strong>Interea</strong></span> 
     </span>
     <span class='ocr_line' id='line_1_4' title="bbox 327 397 1773 456; baseline -0.004 -11"><span class='ocrx_word' id='word_1_18' title='bbox 327 403 535 451; x_wconf 81' lang='lat' dir='ltr'><strong>Thebani,</strong></span> <span class='ocrx_word' id='word_1_19' title='bbox 556 402 862 456; x_wconf 80' lang='lat' dir='ltr'><strong>Corinthiique,</strong></span> <span class='ocrx_word' id='word_1_20' title='bbox 878 403 1035 455; x_wconf 82' lang='lat' dir='ltr'><strong>legatos</strong></span> <span class='ocrx_word' id='word_1_21' title='bbox 1046 402 1096 440; x_wconf 89' lang='lat' dir='ltr'><strong>ad</strong></span> <span class='ocrx_word' id='word_1_22' title='bbox 1114 397 1443 439; x_wconf 82' lang='lat' dir='ltr'><strong>Lacedaemonios</strong></span> <span class='ocrx_word' id='word_1_23' title='bbox 1460 398 1651 448; x_wconf 83' lang='lat' dir='ltr'><strong>mittunt3</strong></span> <span class='ocrx_word' id='word_1_24' title='bbox 1674 398 1773 455; x_wconf 68' lang='lat' dir='ltr'><strong>&#39;qui</strong></span> 
     </span>
     <span class='ocr_line' id='line_1_5' title="bbox 327 456 1775 513; baseline -0.006 -10"><span class='ocrx_word' id='word_1_25' title='bbox 327 478 379 503; x_wconf 82' lang='lat' dir='ltr'><strong>ex</strong></span> <span class='ocrx_word' id='word_1_26' title='bbox 396 460 602 501; x_wconf 83' lang='lat' dir='ltr'><strong>manubiis</strong></span> <span class='ocrx_word' id='word_1_27' title='bbox 617 459 845 513; x_wconf 79' lang='lat' dir='ltr'><strong>portionem</strong></span> <span class='ocrx_word' id='word_1_28' title='bbox 863 461 1006 512; x_wconf 82' lang='lat' dir='ltr'><strong>praedae</strong></span> <span class='ocrx_word' id='word_1_29' title='bbox 1024 457 1255 497; x_wconf 89' lang='lat' dir='ltr'><strong>communis</strong></span> <span class='ocrx_word' id='word_1_30' title='bbox 1276 457 1375 496; x_wconf 83' lang='lat' dir='ltr'><strong>belli</strong></span> <span class='ocrx_word' id='word_1_31' title='bbox 1390 456 1646 511; x_wconf 78' lang='lat' dir='ltr'>periculique</span> <span class='ocrx_word' id='word_1_32' title='bbox 1661 465 1775 510; x_wconf 85' lang='lat' dir='ltr'><strong>pete-</strong></span> 
     </span>
     <span class='ocr_line' id='line_1_6' title="bbox 327 513 1777 574; baseline -0.003 -15"><span class='ocrx_word' id='word_1_33' title='bbox 327 528 441 567; x_wconf 85' lang='lat' dir='ltr'><strong>rent;</strong></span> <span class='ocrx_word' id='word_1_34' title='bbox 473 518 619 574; x_wconf 88' lang='lat' dir='ltr'><strong>quibus</strong></span> <span class='ocrx_word' id='word_1_35' title='bbox 641 517 811 573; x_wconf 79' lang='lat' dir='ltr'><strong>negatis,</strong></span> <span class='ocrx_word' id='word_1_36' title='bbox 842 532 922 556; x_wconf 88' lang='lat' dir='ltr'><strong>non</strong></span> <span class='ocrx_word' id='word_1_37' title='bbox 944 516 1110 572; x_wconf 87' lang='lat' dir='ltr'><strong>quidem</strong></span> <span class='ocrx_word' id='word_1_38' title='bbox 1131 515 1268 567; x_wconf 81' lang='lat' dir='ltr'><strong>aperte</strong></span> <span class='ocrx_word' id='word_1_39' title='bbox 1297 514 1453 554; x_wconf 88' lang='lat' dir='ltr'><strong>bellurn</strong></span> <span class='ocrx_word' id='word_1_40' title='bbox 1474 513 1668 554; x_wconf 71' lang='lat' dir='ltr'><strong>adversus</strong></span> <span class='ocrx_word' id='word_1_41' title='bbox 1697 515 1777 554; x_wconf 77' lang='lat' dir='ltr'><strong>La-</strong></span> 
     </span>
     <span class='ocr_line' id='line_1_7' title="bbox 328 571 1777 623; baseline -0.007 -5"><span class='ocrx_word' id='word_1_42' title='bbox 328 577 596 618; x_wconf 85' lang='lat' dir='ltr'><strong>cedaernonios</strong></span> <span class='ocrx_word' id='word_1_43' title='bbox 618 578 858 623; x_wconf 81' lang='lat' dir='ltr'><strong>decernunt3</strong></span> <span class='ocrx_word' id='word_1_44' title='bbox 891 577 958 614; x_wconf 88' lang='lat' dir='ltr'><strong>sed</strong></span> <span class='ocrx_word' id='word_1_45' title='bbox 988 573 1118 613; x_wconf 86' lang='lat' dir='ltr'><strong>tacitis</strong></span> <span class='ocrx_word' id='word_1_46' title='bbox 1151 571 1297 612; x_wconf 78' lang='lat' dir='ltr'><strong>animis</strong></span> <span class='ocrx_word' id='word_1_47' title='bbox 1327 580 1476 612; x_wconf 87' lang='lat' dir='ltr'><strong>tantam</strong></span> <span class='ocrx_word' id='word_1_48' title='bbox 1505 572 1608 612; x_wconf 87' lang='lat' dir='ltr'><strong>iram</strong></span> <span class='ocrx_word' id='word_1_49' title='bbox 1638 571 1777 613; x_wconf 87' lang='lat' dir='ltr'><strong>conci-</strong></span> 
     </span>
     <span class='ocr_line' id='line_1_8' title="bbox 329 630 1255 689; baseline -0.006 -14"><span class='ocrx_word' id='word_1_50' title='bbox 329 636 466 689; x_wconf 83' lang='lat' dir='ltr'><strong>piunt,</strong></span> <span class='ocrx_word' id='word_1_51' title='bbox 485 645 530 675; x_wconf 86' lang='lat' dir='ltr'><strong>ut</strong></span> <span class='ocrx_word' id='word_1_52' title='bbox 549 636 709 674; x_wconf 79' lang='lat' dir='ltr'>subesse</span> <span class='ocrx_word' id='word_1_53' title='bbox 732 634 886 673; x_wconf 83' lang='lat' dir='ltr'><strong>bellum</strong></span> <span class='ocrx_word' id='word_1_54' title='bbox 908 630 1084 686; x_wconf 73' lang='lat' dir='ltr'><strong>intelligi</strong></span> <span class='ocrx_word' id='word_1_55' title='bbox 1105 639 1255 684; x_wconf 84' lang='lat' dir='ltr'><strong>posset.</strong></span> 
     </span>
    </p>

    <p class='ocr_par' dir='ltr' id='par_1_3' title="bbox 330 686 1778 862">
     <span class='ocr_line' id='line_1_9' title="bbox 391 686 1778 742; baseline -0.004 -9"><span class='ocrx_word' id='word_1_56' title='bbox 391 693 523 734; x_wconf 81' lang='lat' dir='ltr'><strong>CAP.</strong></span> <span class='ocrx_word' id='word_1_57' title='bbox 542 692 626 732; x_wconf 80' lang='lat' dir='ltr'><strong>XI.</strong></span> <span class='ocrx_word' id='word_1_58' title='bbox 649 693 811 731; x_wconf 86' lang='lat' dir='ltr'><strong>Eodem</strong></span> <span class='ocrx_word' id='word_1_59' title='bbox 821 690 907 730; x_wconf 77' lang='lat' dir='ltr'><strong>fere</strong></span> <span class='ocrx_word' id='word_1_60' title='bbox 927 700 1108 742; x_wconf 89' lang='lat' dir='ltr'><strong>tempore</strong></span> <span class='ocrx_word' id='word_1_61' title='bbox 1127 687 1296 738; x_wconf 89' lang='lat' dir='ltr'><strong>Darius,</strong></span> <span class='ocrx_word' id='word_1_62' title='bbox 1318 703 1390 728; x_wconf 86' lang='lat' dir='ltr'><strong>rex</strong></span> <span class='ocrx_word' id='word_1_63' title='bbox 1404 688 1633 737; x_wconf 84' lang='lat' dir='ltr'><strong>Persarum,</strong></span> <span class='ocrx_word' id='word_1_64' title='bbox 1652 686 1778 727; x_wconf 89' lang='lat' dir='ltr'><strong>mori-</strong></span> 
     </span>
     <span class='ocr_line' id='line_1_10' title="bbox 330 744 1777 804; baseline -0.006 -12"><span class='ocrx_word' id='word_1_65' title='bbox 330 760 411 799; x_wconf 78' lang='lat' dir='ltr'><strong>tur,</strong></span> <span class='ocrx_word' id='word_1_66' title='bbox 429 752 677 800; x_wconf 74' lang='lat' dir='ltr'><strong>Artaxerxe,</strong></span> <span class='ocrx_word' id='word_1_67' title='bbox 690 758 728 789; x_wconf 89' lang='lat' dir='ltr'><strong>et</strong></span> <span class='ocrx_word' id='word_1_68' title='bbox 747 750 874 804; x_wconf 82' lang='lat' dir='ltr'><strong>Cyro,</strong></span> <span class='ocrx_word' id='word_1_69' title='bbox 889 748 983 787; x_wconf 87' lang='lat' dir='ltr'><strong>filiis</strong></span> <span class='ocrx_word' id='word_1_70' title='bbox 995 746 1162 787; x_wconf 83' lang='lat' dir='ltr'><strong>relictis.</strong></span> <span class='ocrx_word' id='word_1_71' title='bbox 1194 746 1386 801; x_wconf 87' lang='lat' dir='ltr'><strong>Regnum</strong></span> <span class='ocrx_word' id='word_1_72' title='bbox 1402 744 1641 796; x_wconf 77' lang='lat' dir='ltr'><strong>Artaxerxi,</strong></span> <span class='ocrx_word' id='word_1_73' title='bbox 1662 745 1777 800; x_wconf 86' lang='lat' dir='ltr'><strong>Cyro</strong></span> 
     </span>
     <span class='ocr_line' id='line_1_11' title="bbox 332 802 1777 862; baseline -0.005 -13"><span class='ocrx_word' id='word_1_74' title='bbox 332 809 532 858; x_wconf 82' lang='lat' dir='ltr'><strong>civitates,</strong></span> <span class='ocrx_word' id='word_1_75' title='bbox 552 822 724 862; x_wconf 86' lang='lat' dir='ltr'><strong>quarum</strong></span> <span class='ocrx_word' id='word_1_76' title='bbox 745 806 957 859; x_wconf 73' lang='lat' dir='ltr'><strong>praefectus</strong></span> <span class='ocrx_word' id='word_1_77' title='bbox 977 815 1075 855; x_wconf 87' lang='lat' dir='ltr'><strong>erat,</strong></span> <span class='ocrx_word' id='word_1_78' title='bbox 1095 812 1333 845; x_wconf 82' lang='lat' dir='ltr'><strong>testamento</strong></span> <span class='ocrx_word' id='word_1_79' title='bbox 1355 803 1522 857; x_wconf 83' lang='lat' dir='ltr'><strong>legavit.</strong></span> <span class='ocrx_word' id='word_1_80' title='bbox 1560 804 1639 844; x_wconf 88' lang='lat' dir='ltr'><strong>Sed</strong></span> <span class='ocrx_word' id='word_1_81' title='bbox 1661 802 1777 858; x_wconf 84' lang='lat' dir='ltr'><strong>Cyro</strong></span> 
     </span>
    </p>

    <p class='ocr_par' dir='ltr' id='par_1_4' title="bbox 120 859 1781 1386">
     <span class='ocr_line' id='line_1_12' title="bbox 127 859 1777 931; baseline -0.004 -23"><span class='ocrx_word' id='word_1_82' title='bbox 127 859 306 931; x_wconf 51' lang='lat' dir='ltr'><strong>‘J&#39;ffxf&#39;dxfs</strong></span> <span class='ocrx_word' id='word_1_83' title='bbox 329 867 529 921; x_wconf 85' lang='lat' dir='ltr'><strong>judicium</strong></span> <span class='ocrx_word' id='word_1_84' title='bbox 552 866 692 919; x_wconf 88' lang='lat' dir='ltr'><strong>patris,</strong></span> <span class='ocrx_word' id='word_1_85' title='bbox 724 869 736 884; x_wconf 87' lang='lat'>¹</span> <span class='ocrx_word' id='word_1_86' title='bbox 751 865 900 918; x_wconf 84' lang='lat' dir='ltr'><strong>injuria</strong></span> <span class='ocrx_word' id='word_1_87' title='bbox 918 863 1146 904; x_wconf 85' lang='lat' dir='ltr'><strong>videbatur.</strong></span> <span class='ocrx_word' id='word_1_88' title='bbox 1207 862 1348 917; x_wconf 89' lang='lat' dir='ltr'><strong>ltaque</strong></span> <span class='ocrx_word' id='word_1_89' title='bbox 1380 861 1564 902; x_wconf 74' lang='lat' dir='ltr'><strong>&#39;‘occulte</strong></span> <span class='ocrx_word' id='word_1_90' title='bbox 1585 863 1777 901; x_wconf 80' lang='lat' dir='ltr'><strong>adversus</strong></span> 
     </span>
     <span class='ocr_line' id='line_1_13' title="bbox 120 914 1778 977; baseline -0.004 -12"><span class='ocrx_word' id='word_1_91' title='bbox 120 914 318 976; x_wconf 47' lang='lat' dir='ltr'><strong>{ffrssZ&#39;fmJem</strong></span> <span class='ocrx_word' id='word_1_92' title='bbox 333 926 499 966; x_wconf 83' lang='lat' dir='ltr'><strong>fratrem</strong></span> <span class='ocrx_word' id='word_1_93' title='bbox 519 926 677 965; x_wconf 88' lang='lat' dir='ltr'><strong>bellum</strong></span> <span class='ocrx_word' id='word_1_94' title='bbox 698 925 889 975; x_wconf 80' lang='lat' dir='ltr'><strong>parabat3</strong></span> <span class='ocrx_word' id='word_1_95' title='bbox 913 923 1021 977; x_wconf 87' lang='lat' dir='ltr'><strong>quod</strong></span> <span class='ocrx_word' id='word_1_96' title='bbox 1041 921 1136 960; x_wconf 74' lang='lat' dir='ltr'><strong>curn</strong></span> <span class='ocrx_word' id='word_1_97' title='bbox 1158 922 1399 960; x_wconf 76' lang='lat' dir='ltr'><strong>3nuntiatum</strong></span> <span class='ocrx_word' id='word_1_98' title='bbox 1417 918 1641 959; x_wconf 79' lang='lat' dir='ltr'><strong>Artaxerxi</strong></span> <span class='ocrx_word' id='word_1_99' title='bbox 1661 927 1778 968; x_wconf 83' lang='lat' dir='ltr'><strong>esset,</strong></span> 
     </span>
     <span class='ocr_line' id='line_1_14' title="bbox 122 973 1779 1037; baseline -0.005 -12"><span class='ocrx_word' id='word_1_100' title='bbox 122 973 166 1037; x_wconf 65' lang='grc' dir='ltr'><strong>ζ”ἷ</strong></span> <span class='ocrx_word' id='word_1_101' title='bbox 176 976 572 1035; x_wconf 56' lang='lat' dir='ltr'><strong>et2pugna÷arcersitum</strong></span> <span class='ocrx_word' id='word_1_102' title='bbox 593 984 642 1022; x_wconf 84' lang='lat' dir='ltr'><strong>ad</strong></span> <span class='ocrx_word' id='word_1_103' title='bbox 664 997 704 1021; x_wconf 89' lang='lat' dir='ltr'><strong>se</strong></span> <span class='ocrx_word' id='word_1_104' title='bbox 726 983 907 1029; x_wconf 80' lang='lat' dir='ltr'><strong>fratrem,</strong></span> <span class='ocrx_word' id='word_1_105' title='bbox 927 990 965 1019; x_wconf 89' lang='lat' dir='ltr'><strong>et</strong></span> <span class='ocrx_word' id='word_1_106' title='bbox 977 978 1247 1019; x_wconf 82' lang='lat' dir='ltr'><strong>innocentiam</strong></span> <span class='ocrx_word' id='word_1_107' title='bbox 1262 977 1587 1018; x_wconf 76' lang='lat' dir='ltr'><strong>dissimulatione</strong></span> <span class='ocrx_word' id='word_1_108' title='bbox 1601 976 1704 1017; x_wconf 90' lang='lat' dir='ltr'><strong>belli</strong></span> <span class='ocrx_word' id='word_1_109' title='bbox 1718 975 1779 1017; x_wconf 88' lang='lat' dir='ltr'><strong>si-</strong></span> 
     </span>
     <span class='ocr_line' id='line_1_15' title="bbox 120 1030 1780 1102; baseline -0.005 -20"><span class='ocrx_word' id='word_1_110' title='bbox 120 1030 320 1102; x_wconf 49' lang='lat' dir='ltr'><strong>{fflfffflgym</strong></span> <span class='ocrx_word' id='word_1_111' title='bbox 333 1042 573 1090; x_wconf 70' lang='lat' dir='ltr'><strong>ululantem,</strong></span> <span class='ocrx_word' id='word_1_112' title='bbox 594 1039 860 1092; x_wconf 78' lang='lat' dir='ltr'><strong>compedibus</strong></span> <span class='ocrx_word' id='word_1_113' title='bbox 877 1037 1008 1078; x_wconf 78' lang='lat' dir='ltr'><strong>aureis</strong></span> <span class='ocrx_word' id='word_1_114' title='bbox 1024 1036 1171 1082; x_wconf 83' lang='lat' dir='ltr'><strong>vinxit;</strong></span> <span class='ocrx_word' id='word_1_115' title='bbox 1194 1035 1560 1091; x_wconf 85' lang='lat' dir='ltr'><strong>interfecissetque,</strong></span> <span class='ocrx_word' id='word_1_116' title='bbox 1574 1034 1635 1075; x_wconf 77' lang='lat' dir='ltr'><strong>⁴ni</strong></span> <span class='ocrx_word' id='word_1_117' title='bbox 1651 1042 1780 1075; x_wconf 85' lang='lat' dir='ltr'><strong>mater</strong></span> 
     </span>
     <span class='ocr_line' id='line_1_16' title="bbox 120 1092 1780 1152; baseline -0.005 -12"><span class='ocrx_word' id='word_1_118' title='bbox 120 1094 320 1145; x_wconf 57' lang='lat' dir='ltr'><strong>A.M.sti53.</strong></span> <span class='ocrx_word' id='word_1_119' title='bbox 334 1099 620 1152; x_wconf 80' lang='lat' dir='ltr'><strong>prohibuisset.</strong></span> <span class='ocrx_word' id='word_1_120' title='bbox 681 1097 890 1138; x_wconf 85' lang='lat' dir='ltr'><strong>Dimissus</strong></span> <span class='ocrx_word' id='word_1_121' title='bbox 911 1095 1034 1150; x_wconf 85' lang='lat' dir='ltr'><strong>igitur</strong></span> <span class='ocrx_word' id='word_1_122' title='bbox 1056 1095 1207 1149; x_wconf 84' lang='lat' dir='ltr'><strong>Cyrus,</strong></span> <span class='ocrx_word' id='word_1_123' title='bbox 1224 1095 1310 1147; x_wconf 90' lang='lat' dir='ltr'><strong>jam</strong></span> <span class='ocrx_word' id='word_1_124' title='bbox 1329 1109 1408 1134; x_wconf 90' lang='lat' dir='ltr'><strong>non</strong></span> <span class='ocrx_word' id='word_1_125' title='bbox 1425 1094 1583 1134; x_wconf 77' lang='lat' dir='ltr'><strong>occulte</strong></span> <span class='ocrx_word' id='word_1_126' title='bbox 1603 1092 1780 1144; x_wconf 83' lang='lat' dir='ltr'><strong>bellum,</strong></span> 
     </span>
     <span class='ocr_line' id='line_1_17' title="bbox 122 1150 1781 1210; baseline -0.005 -12"><span class='ocrx_word' id='word_1_127' title='bbox 122 1157 175 1187; x_wconf 83' lang='lat' dir='ltr'><strong>Ol.</strong></span> <span class='ocrx_word' id='word_1_128' title='bbox 190 1160 240 1187; x_wconf 77' lang='lat'><strong>74.</strong></span> <span class='ocrx_word' id='word_1_129' title='bbox 253 1161 282 1188; x_wconf 75' lang='lat'><strong>4·</strong></span> <span class='ocrx_word' id='word_1_130' title='bbox 333 1159 401 1197; x_wconf 88' lang='lat' dir='ltr'><strong>sed</strong></span> <span class='ocrx_word' id='word_1_131' title='bbox 422 1158 557 1210; x_wconf 87' lang='lat' dir='ltr'><strong>palam</strong></span> <span class='ocrx_word' id='word_1_132' title='bbox 574 1174 585 1204; x_wconf 91' lang='lat'>;</span> <span class='ocrx_word' id='word_1_133' title='bbox 610 1158 705 1195; x_wconf 81' lang='lat' dir='ltr'><strong>⁵nec</strong></span> <span class='ocrx_word' id='word_1_134' title='bbox 722 1169 791 1208; x_wconf 87' lang='lat' dir='ltr'><strong>per</strong></span> <span class='ocrx_word' id='word_1_135' title='bbox 806 1152 1189 1204; x_wconf 82' lang='lat' dir='ltr'><strong>dissimulationem,</strong></span> <span class='ocrx_word' id='word_1_136' title='bbox 1207 1155 1276 1193; x_wconf 90' lang='lat' dir='ltr'><strong>sed</strong></span> <span class='ocrx_word' id='word_1_137' title='bbox 1289 1151 1423 1205; x_wconf 69' lang='lat' dir='ltr'><strong>aperta</strong></span> <span class='ocrx_word' id='word_1_138' title='bbox 1443 1150 1691 1205; x_wconf 85' lang='lat' dir='ltr'><strong>professione</strong></span> <span class='ocrx_word' id='word_1_139' title='bbox 1709 1165 1781 1204; x_wconf 89' lang='lat' dir='ltr'><strong>pa-</strong></span> 
     </span>
     <span class='ocr_line' id='line_1_18' title="bbox 120 1199 1779 1275; baseline -0.004 -19"><span class='ocrx_word' id='word_1_140' title='bbox 120 1199 322 1275; x_wconf 52' lang='grc' dir='ltr'>Ξὲἳὲξζξ</span> <span class='ocrx_word' id='word_1_141' title='bbox 332 1230 420 1255; x_wconf 87' lang='lat' dir='ltr'><strong>rare</strong></span> <span class='ocrx_word' id='word_1_142' title='bbox 437 1214 581 1268; x_wconf 87' lang='lat' dir='ltr'><strong>coepit:</strong></span> <span class='ocrx_word' id='word_1_143' title='bbox 606 1213 760 1254; x_wconf 81' lang='lat' dir='ltr'><strong>auxilia</strong></span> <span class='ocrx_word' id='word_1_144' title='bbox 775 1212 958 1266; x_wconf 89' lang='lat' dir='ltr'><strong>undique</strong></span> <span class='ocrx_word' id='word_1_145' title='bbox 982 1212 1234 1251; x_wconf 88' lang='lat' dir='ltr'><strong>contrahens.</strong></span> <span class='ocrx_word' id='word_1_146' title='bbox 1277 1209 1590 1262; x_wconf 76' lang='lat' dir='ltr'><strong>Lacedaemonii,</strong></span> <span class='ocrx_word' id='word_1_147' title='bbox 1619 1223 1779 1250; x_wconf 88' lang='lat' dir='ltr'><strong>memo-</strong></span> 
     </span>
     <span class='ocr_line' id='line_1_19' title="bbox 192 1265 1779 1323; baseline -0.004 -8"><span class='ocrx_word' id='word_1_148' title='bbox 192 1266 200 1273; x_wconf 45' lang='lat'><strong>·</strong></span> <span class='ocrx_word' id='word_1_149' title='bbox 314 1265 395 1314; x_wconf 55' lang='lat' dir='ltr'><strong>&#39;res</strong></span> <span class='ocrx_word' id='word_1_150' title='bbox 411 1272 656 1314; x_wconf 85' lang='lat' dir='ltr'><strong>Atheniensi</strong></span> <span class='ocrx_word' id='word_1_151' title='bbox 672 1272 783 1311; x_wconf 90' lang='lat' dir='ltr'><strong>bello</strong></span> <span class='ocrx_word' id='word_1_152' title='bbox 799 1270 919 1310; x_wconf 76' lang='lat' dir='ltr'><strong>enixe</strong></span> <span class='ocrx_word' id='word_1_153' title='bbox 937 1285 977 1310; x_wconf 87' lang='lat' dir='ltr'><strong>se</strong></span> <span class='ocrx_word' id='word_1_154' title='bbox 993 1269 1080 1323; x_wconf 84' lang='lat' dir='ltr'><strong>ejus</strong></span> <span class='ocrx_word' id='word_1_155' title='bbox 1096 1269 1218 1322; x_wconf 67' lang='lat' dir='ltr'><strong>opera</strong></span> <span class='ocrx_word' id='word_1_156' title='bbox 1236 1269 1408 1322; x_wconf 89' lang='lat' dir='ltr'><strong>adjutos,</strong></span> <span class='ocrx_word' id='word_1_157' title='bbox 1425 1269 1538 1309; x_wconf 79' lang='lat' dir='ltr'><strong>velut</strong></span> <span class='ocrx_word' id='word_1_158' title='bbox 1549 1267 1779 1323; x_wconf 84' lang='lat' dir='ltr'><strong>ignorantes</strong></span> 
     </span>
     <span class='ocr_line' id='line_1_20' title="bbox 332 1325 1780 1386; baseline -0.004 -15"><span class='ocrx_word' id='word_1_159' title='bbox 332 1340 473 1371; x_wconf 84' lang='lat' dir='ltr'><strong>contra</strong></span> <span class='ocrx_word' id='word_1_160' title='bbox 488 1345 610 1386; x_wconf 87' lang='lat' dir='ltr'><strong>quem</strong></span> <span class='ocrx_word' id='word_1_161' title='bbox 630 1331 786 1370; x_wconf 86' lang='lat' dir='ltr'><strong>bellum</strong></span> <span class='ocrx_word' id='word_1_162' title='bbox 806 1337 1026 1382; x_wconf 84' lang='lat' dir='ltr'><strong>pararetur,</strong></span> <span class='ocrx_word' id='word_1_163' title='bbox 1056 1329 1286 1377; x_wconf 77' lang='lat' dir='ltr'><strong>decernunt,</strong></span> <span class='ocrx_word' id='word_1_164' title='bbox 1308 1326 1461 1367; x_wconf 86' lang='lat' dir='ltr'><strong>auxilia</strong></span> <span class='ocrx_word' id='word_1_165' title='bbox 1483 1326 1596 1382; x_wconf 85' lang='lat' dir='ltr'><strong>Cyro</strong></span> <span class='ocrx_word' id='word_1_166' title='bbox 1617 1325 1780 1366; x_wconf 88' lang='lat' dir='ltr'><strong>mitten-</strong></span> 
     </span>
    </p>

    <p class='ocr_par' dir='ltr' id='par_1_5' title="bbox 332 1382 1780 1442">
     <span class='ocr_line' id='line_1_21' title="bbox 332 1382 1780 1442; baseline -0.003 -13"><span class='ocrx_word' id='word_1_167' title='bbox 332 1391 399 1441; x_wconf 90' lang='lat' dir='ltr'><strong>da,</strong></span> <span class='ocrx_word' id='word_1_168' title='bbox 417 1389 488 1429; x_wconf 88' lang='lat' dir='ltr'><strong>ubi</strong></span> <span class='ocrx_word' id='word_1_169' title='bbox 510 1404 572 1429; x_wconf 91' lang='lat' dir='ltr'><strong>res</strong></span> <span class='ocrx_word' id='word_1_170' title='bbox 593 1388 680 1442; x_wconf 88' lang='lat' dir='ltr'><strong>ejus</strong></span> <span class='ocrx_word' id='word_1_171' title='bbox 698 1387 915 1442; x_wconf 75' lang='lat' dir='ltr'><strong>exegisset,</strong></span> <span class='ocrx_word' id='word_1_172' title='bbox 936 1393 1158 1440; x_wconf 75' lang='lat' dir='ltr'><strong>quaerentes</strong></span> <span class='ocrx_word' id='word_1_173' title='bbox 1179 1388 1195 1412; x_wconf 91' lang='lat'><strong>⁶</strong></span> <span class='ocrx_word' id='word_1_174' title='bbox 1211 1387 1318 1437; x_wconf 88' lang='lat' dir='ltr'><strong>apud</strong></span> <span class='ocrx_word' id='word_1_175' title='bbox 1337 1384 1498 1438; x_wconf 83' lang='lat' dir='ltr'><strong>Cyrum</strong></span> <span class='ocrx_word' id='word_1_176' title='bbox 1516 1382 1715 1439; x_wconf 81' lang='lat' dir='ltr'><strong>gratiam3</strong></span> <span class='ocrx_word' id='word_1_177' title='bbox 1737 1391 1780 1424; x_wconf 83' lang='lat' dir='ltr'><strong>et</strong></span> 
     </span>
    </p>

    <p class='ocr_par' dir='ltr' id='par_1_6' title="bbox 331 1440 1779 1499">
     <span class='ocr_line' id='line_1_22' title="bbox 331 1440 1779 1499; baseline -0.004 -12"><span class='ocrx_word' id='word_1_178' title='bbox 331 1449 440 1499; x_wconf 81' lang='lat' dir='ltr'><strong>apud</strong></span> <span class='ocrx_word' id='word_1_179' title='bbox 456 1449 744 1497; x_wconf 72' lang='lat' dir='ltr'><strong>Artaxerxem,</strong></span> <span class='ocrx_word' id='word_1_180' title='bbox 763 1446 797 1485; x_wconf 86' lang='lat' dir='ltr'><strong>si</strong></span> <span class='ocrx_word' id='word_1_181' title='bbox 812 1445 990 1496; x_wconf 86' lang='lat' dir='ltr'><strong>vicisset,</strong></span> <span class='ocrx_word' id='word_1_182' title='bbox 1002 1442 1130 1484; x_wconf 84' lang='lat' dir='ltr'><strong>veniae</strong></span> <span class='ocrx_word' id='word_1_183' title='bbox 1146 1441 1386 1496; x_wconf 84' lang='lat' dir='ltr'><strong>patrocinia,</strong></span> <span class='ocrx_word' id='word_1_184' title='bbox 1403 1442 1499 1482; x_wconf 70' lang='lat' dir='ltr'><strong>cum</strong></span> <span class='ocrx_word' id='word_1_185' title='bbox 1515 1440 1619 1483; x_wconf 83' lang='lat' dir='ltr'><strong>nihil</strong></span> <span class='ocrx_word' id='word_1_186' title='bbox 1634 1443 1779 1482; x_wconf 87' lang='lat' dir='ltr'><strong>adver-</strong></span> 
     </span>
    </p>

    <p class='ocr_par' dir='ltr' id='par_1_7' title="bbox 331 1499 1781 1618">
     <span class='ocr_line' id='line_1_23' title="bbox 331 1499 1779 1558; baseline -0.004 -13"><span class='ocrx_word' id='word_1_187' title='bbox 331 1506 400 1546; x_wconf 71' lang='lat' dir='ltr'><strong>sus</strong></span> <span class='ocrx_word' id='word_1_188' title='bbox 420 1520 516 1545; x_wconf 87' lang='lat' dir='ltr'><strong>eum</strong></span> <span class='ocrx_word' id='word_1_189' title='bbox 538 1505 674 1558; x_wconf 79' lang='lat' dir='ltr'><strong>aperte</strong></span> <span class='ocrx_word' id='word_1_190' title='bbox 690 1503 971 1545; x_wconf 82' lang='lat' dir='ltr'><strong>decrevissent.</strong></span> <span class='ocrx_word' id='word_1_191' title='bbox 1023 1505 1040 1529; x_wconf 70' lang='lat' dir='ltr'>b</span> <span class='ocrx_word' id='word_1_192' title='bbox 1057 1503 1132 1542; x_wconf 87' lang='lat' dir='ltr'><strong>Sed</strong></span> <span class='ocrx_word' id='word_1_193' title='bbox 1150 1516 1244 1541; x_wconf 88' lang='lat' dir='ltr'><strong>cum</strong></span> <span class='ocrx_word' id='word_1_194' title='bbox 1264 1501 1307 1540; x_wconf 92' lang='lat' dir='ltr'><strong>in</strong></span> <span class='ocrx_word' id='word_1_195' title='bbox 1327 1501 1435 1541; x_wconf 81' lang='lat' dir='ltr'><strong>bello</strong></span> <span class='ocrx_word' id='word_1_196' title='bbox 1454 1504 1469 1528; x_wconf 84' lang='lat'>⁷</span> <span class='ocrx_word' id='word_1_197' title='bbox 1484 1500 1566 1540; x_wconf 88' lang='lat' dir='ltr'><strong>fors</strong></span> <span class='ocrx_word' id='word_1_198' title='bbox 1583 1499 1713 1553; x_wconf 82' lang='lat' dir='ltr'><strong>praelii</strong></span> <span class='ocrx_word' id='word_1_199' title='bbox 1729 1514 1779 1540; x_wconf 90' lang='lat' dir='ltr'><strong>u-</strong></span> 
     </span>
     <span class='ocr_line' id='line_1_24' title="bbox 332 1558 1781 1618; baseline -0.006 -15"><span class='ocrx_word' id='word_1_200' title='bbox 332 1571 524 1618; x_wconf 83' lang='lat' dir='ltr'><strong>trumque</strong></span> <span class='ocrx_word' id='word_1_201' title='bbox 538 1563 704 1604; x_wconf 85' lang='lat' dir='ltr'><strong>fratrem</strong></span> <span class='ocrx_word' id='word_1_202' title='bbox 713 1577 862 1617; x_wconf 83' lang='lat' dir='ltr'><strong>pugnae</strong></span> <span class='ocrx_word' id='word_1_203' title='bbox 876 1559 1101 1611; x_wconf 84' lang='lat' dir='ltr'><strong>obtulisset,</strong></span> <span class='ocrx_word' id='word_1_204' title='bbox 1112 1558 1223 1613; x_wconf 85' lang='lat' dir='ltr'><strong>prior</strong></span> <span class='ocrx_word' id='word_1_205' title='bbox 1239 1560 1491 1599; x_wconf 76' lang='lat' dir='ltr'><strong>Artaxerxes</strong></span> <span class='ocrx_word' id='word_1_206' title='bbox 1504 1561 1546 1599; x_wconf 76' lang='lat' dir='ltr'><strong>3a</strong></span> <span class='ocrx_word' id='word_1_207' title='bbox 1558 1558 1678 1600; x_wconf 88' lang='lat' dir='ltr'><strong>fratre</strong></span> <span class='ocrx_word' id='word_1_208' title='bbox 1686 1558 1781 1599; x_wconf 86' lang='lat' dir='ltr'><strong>vul.</strong></span> 
     </span>
    </p>
   </div>
   <div class='ocr_carea' id='block_1_3' title="bbox 110 217 167 252">
    <p class='ocr_par' dir='ltr' id='par_1_8' title="bbox 110 217 167 252">
     <span class='ocr_line' id='line_1_25' title="bbox 110 217 167 252; baseline 0.018 -1"><span class='ocrx_word' id='word_1_209' title='bbox 110 217 167 252; x_wconf 73' lang='lat'><strong>64</strong></span> 
     </span>
    </p>
   </div>
   <div class='ocr_carea' id='block_1_4' title="bbox 866 1692 1244 1724">
    <p class='ocr_par' dir='ltr' id='par_1_9' title="bbox 866 1692 1244 1724">
     <span class='ocr_line' id='line_1_26' title="bbox 866 1692 1244 1724; baseline 0.003 -1"><span class='ocrx_word' id='word_1_210' title='bbox 866 1692 1244 1724; x_wconf 83' lang='lat' dir='ltr'>INTERPRETATIO.</span> 
     </span>
    </p>
   </div>
   <div class='ocr_carea' id='block_1_5' title="bbox 330 1766 1782 1898">
    <p class='ocr_par' dir='ltr' id='par_1_10' title="bbox 330 1766 1782 1898">
     <span class='ocr_line' id='line_1_27' title="bbox 375 1766 1782 1812; baseline -0.003 -12"><span class='ocrx_word' id='word_1_211' title='bbox 375 1770 390 1789; x_wconf 72' lang='lat'><strong>³¹</strong></span> <span class='ocrx_word' id='word_1_212' title='bbox 413 1770 470 1810; x_wconf 72' lang='lat' dir='ltr'><strong>Qui</strong></span> <span class='ocrx_word' id='word_1_213' title='bbox 487 1775 614 1812; x_wconf 73' lang='lat' dir='ltr'><strong>peterent</strong></span> <span class='ocrx_word' id='word_1_214' title='bbox 635 1783 669 1800; x_wconf 83' lang='lat' dir='ltr'><strong>ex</strong></span> <span class='ocrx_word' id='word_1_215' title='bbox 691 1770 787 1811; x_wconf 76' lang='lat' dir='ltr'><strong>spoliis</strong></span> <span class='ocrx_word' id='word_1_216' title='bbox 801 1775 912 1810; x_wconf 61' lang='lat' dir='ltr'><strong>partem</strong></span> <span class='ocrx_word' id='word_1_217' title='bbox 924 1771 1040 1810; x_wconf 74' lang='lat' dir='ltr'><strong>praedae,</strong></span> <span class='ocrx_word' id='word_1_218' title='bbox 1116 1770 1134 1795; x_wconf 86' lang='lat' dir='ltr'>b</span> <span class='ocrx_word' id='word_1_219' title='bbox 1159 1769 1216 1799; x_wconf 63' lang='lat' dir='ltr'><strong>Sed</strong></span> <span class='ocrx_word' id='word_1_220' title='bbox 1225 1767 1285 1799; x_wconf 73' lang='grc' dir='ltr'><strong>ιᾶηι</strong></span> <span class='ocrx_word' id='word_1_221' title='bbox 1299 1767 1383 1808; x_wconf 62' lang='lat' dir='ltr'><strong>fort?</strong></span> <span class='ocrx_word' id='word_1_222' title='bbox 1400 1768 1427 1797; x_wconf 73' lang='lat' dir='ltr'><strong>in</strong></span> <span class='ocrx_word' id='word_1_223' title='bbox 1446 1767 1549 1808; x_wconf 73' lang='lat' dir='ltr'><strong>prelio</strong></span> <span class='ocrx_word' id='word_1_224' title='bbox 1569 1766 1647 1796; x_wconf 81' lang='lat' dir='ltr'><strong>ambo</strong></span> <span class='ocrx_word' id='word_1_225' title='bbox 1659 1766 1782 1807; x_wconf 66' lang='lat' dir='ltr'><strong>fratres</strong></span> 
     </span>
     <span class='ocr_line' id='line_1_28' title="bbox 332 1808 1695 1856; baseline -0.002 -13"><span class='ocrx_word' id='word_1_226' title='bbox 332 1821 430 1856; x_wconf 81' lang='lat' dir='ltr'><strong>partae</strong></span> <span class='ocrx_word' id='word_1_227' title='bbox 453 1816 481 1842; x_wconf 82' lang='lat' dir='ltr'><strong>in</strong></span> <span class='ocrx_word' id='word_1_228' title='bbox 503 1814 571 1843; x_wconf 74' lang='lat' dir='ltr'><strong>bello</strong></span> <span class='ocrx_word' id='word_1_229' title='bbox 592 1815 738 1850; x_wconf 80' lang='lat' dir='ltr'><strong>communi,</strong></span> <span class='ocrx_word' id='word_1_230' title='bbox 758 1812 790 1843; x_wconf 87' lang='lat' dir='ltr'><strong>in</strong></span> <span class='ocrx_word' id='word_1_231' title='bbox 806 1822 869 1853; x_wconf 86' lang='lat' dir='ltr'><strong>quo</strong></span> <span class='ocrx_word' id='word_1_232' title='bbox 891 1823 922 1842; x_wconf 84' lang='lat' dir='ltr'><strong>se</strong></span> <span class='ocrx_word' id='word_1_233' title='bbox 943 1812 1037 1843; x_wconf 86' lang='lat' dir='ltr'><strong>etiam</strong></span> <span class='ocrx_word' id='word_1_234' title='bbox 1076 1814 1264 1842; x_wconf 79' lang='lat' dir='ltr'><strong>Artaxerxes</strong></span> <span class='ocrx_word' id='word_1_235' title='bbox 1277 1818 1309 1841; x_wconf 88' lang='lat' dir='ltr'><strong>et</strong></span> <span class='ocrx_word' id='word_1_236' title='bbox 1325 1811 1427 1852; x_wconf 82' lang='lat' dir='ltr'><strong>Cyrus</strong></span> <span class='ocrx_word' id='word_1_237' title='bbox 1440 1810 1493 1842; x_wconf 78' lang='lat' dir='ltr'><strong>sibi</strong></span> <span class='ocrx_word' id='word_1_238' title='bbox 1504 1808 1695 1841; x_wconf 57' lang='lat' dir='ltr'><strong>occurrissent.</strong></span> 
     </span>
     <span class='ocr_line' id='line_1_29' title="bbox 330 1855 1043 1898; baseline 0 -12"><span class='ocrx_word' id='word_1_239' title='bbox 330 1858 467 1898; x_wconf 71' lang='lat' dir='ltr'><strong>periculis</strong></span> <span class='ocrx_word' id='word_1_240' title='bbox 484 1855 672 1896; x_wconf 81' lang='lat' dir='ltr'><strong>objecerant.</strong></span> <span class='ocrx_word' id='word_1_241' title='bbox 1040 1857 1043 1859; x_wconf 84' lang='grc'><strong>’</strong></span> 
     </span>
    </p>
   </div>
   <div class='ocr_carea' id='block_1_6' title="bbox 972 1951 1148 1982">
    <p class='ocr_par' dir='ltr' id='par_1_11' title="bbox 972 1951 1148 1982">
     <span class='ocr_line' id='line_1_30' title="bbox 972 1951 1148 1982; baseline 0.006 -1"><span class='ocrx_word' id='word_1_242' title='bbox 972 1951 1148 1982; x_wconf 87' lang='lat' dir='ltr'><strong><em>NOTAE.</em></strong></span> 
     </span>
    </p>
   </div>
   <div class='ocr_carea' id='block_1_7' title="bbox 334 2027 1043 2793">
    <p class='ocr_par' dir='ltr' id='par_1_12' title="bbox 334 2027 1039 2198">
     <span class='ocr_line' id='line_1_31' title="bbox 380 2027 1039 2069; baseline -0.008 -9"><span class='ocrx_word' id='word_1_243' title='bbox 380 2033 408 2060; x_wconf 72' lang='grc' dir='ltr'><strong>ἶ.</strong></span> <span class='ocrx_word' id='word_1_244' title='bbox 422 2030 537 2069; x_wconf 60' lang='lat' dir='ltr'><strong>Injuria</strong></span> <span class='ocrx_word' id='word_1_245' title='bbox 551 2028 724 2069; x_wconf 57' lang='lat' dir='ltr'><strong>videbatur]</strong></span> <span class='ocrx_word' id='word_1_246' title='bbox 753 2028 835 2058; x_wconf 86' lang='lat' dir='ltr'><strong>Nam</strong></span> <span class='ocrx_word' id='word_1_247' title='bbox 851 2027 1039 2057; x_wconf 76' lang='lat' dir='ltr'><strong>Artaxerxes</strong></span> 
     </span>
     <span class='ocr_line' id='line_1_32' title="bbox 334 2068 1038 2112; baseline -0.009 -9"><span class='ocrx_word' id='word_1_248' title='bbox 334 2080 406 2103; x_wconf 77' lang='lat' dir='ltr'><strong>ante</strong></span> <span class='ocrx_word' id='word_1_249' title='bbox 421 2068 509 2103; x_wconf 70' lang='lat' dir='ltr'><strong>Darii</strong></span> <span class='ocrx_word' id='word_1_250' title='bbox 523 2081 666 2112; x_wconf 76' lang='lat' dir='ltr'><strong>regnum,</strong></span> <span class='ocrx_word' id='word_1_251' title='bbox 687 2071 750 2111; x_wconf 87' lang='lat' dir='ltr'><strong>ipse</strong></span> <span class='ocrx_word' id='word_1_252' title='bbox 766 2069 842 2099; x_wconf 75' lang='lat' dir='ltr'><strong>vero</strong></span> <span class='ocrx_word' id='word_1_253' title='bbox 857 2068 954 2099; x_wconf 82' lang='lat' dir='ltr'><strong>Dario</strong></span> <span class='ocrx_word' id='word_1_254' title='bbox 969 2079 1038 2108; x_wconf 76' lang='lat' dir='ltr'><strong>reg-</strong></span> 
     </span>
     <span class='ocr_line' id='line_1_33' title="bbox 336 2110 1037 2145; baseline -0.007 0"><span class='ocrx_word' id='word_1_255' title='bbox 336 2123 428 2145; x_wconf 81' lang='lat' dir='ltr'><strong>nante</strong></span> <span class='ocrx_word' id='word_1_256' title='bbox 445 2123 533 2145; x_wconf 74' lang='lat' dir='ltr'><strong>natus</strong></span> <span class='ocrx_word' id='word_1_257' title='bbox 548 2122 622 2144; x_wconf 73' lang='lat' dir='ltr'><strong>erat.</strong></span> <span class='ocrx_word' id='word_1_258' title='bbox 665 2116 855 2144; x_wconf 77' lang='lat' dir='ltr'><strong>Artaxerxes</strong></span> <span class='ocrx_word' id='word_1_259' title='bbox 876 2110 927 2142; x_wconf 91' lang='lat' dir='ltr'><strong>ille</strong></span> <span class='ocrx_word' id='word_1_260' title='bbox 943 2112 1037 2141; x_wconf 89' lang='lat' dir='ltr'><strong>Mne-</strong></span> 
     </span>
     <span class='ocr_line' id='line_1_34' title="bbox 336 2157 733 2198; baseline -0.005 -11"><span class='ocrx_word' id='word_1_261' title='bbox 336 2168 410 2188; x_wconf 80' lang='lat' dir='ltr'><strong>mon</strong></span> <span class='ocrx_word' id='word_1_262' title='bbox 427 2157 664 2198; x_wconf 78' lang='lat' dir='ltr'><strong>cognominatus</strong></span> <span class='ocrx_word' id='word_1_263' title='bbox 679 2162 733 2186; x_wconf 77' lang='lat' dir='ltr'><strong>est.</strong></span> 
     </span>
    </p>

    <p class='ocr_par' dir='ltr' id='par_1_13' title="bbox 336 2196 1040 2367">
     <span class='ocr_line' id='line_1_35' title="bbox 380 2196 1040 2241; baseline -0.008 -11"><span class='ocrx_word' id='word_1_264' title='bbox 380 2205 409 2230; x_wconf 67' lang='lat'><strong>2.</strong></span> <span class='ocrx_word' id='word_1_265' title='bbox 427 2199 558 2241; x_wconf 38' lang='lat' dir='ltr'><strong>orcula]</strong></span> <span class='ocrx_word' id='word_1_266' title='bbox 582 2199 694 2239; x_wconf 81' lang='lat' dir='ltr'><strong>Copias</strong></span> <span class='ocrx_word' id='word_1_267' title='bbox 709 2199 739 2228; x_wconf 89' lang='lat' dir='ltr'><strong>in</strong></span> <span class='ocrx_word' id='word_1_268' title='bbox 755 2196 961 2238; x_wconf 81' lang='lat' dir='ltr'><strong>Hellesponto</strong></span> <span class='ocrx_word' id='word_1_269' title='bbox 983 2206 1040 2237; x_wconf 87' lang='lat' dir='ltr'><strong>per</strong></span> 
     </span>
     <span class='ocr_line' id='line_1_36' title="bbox 337 2237 1038 2275; baseline -0.007 -3"><span class='ocrx_word' id='word_1_270' title='bbox 337 2242 525 2274; x_wconf 58' lang='lat' dir='ltr'><strong>elenchum</strong></span> <span class='ocrx_word' id='word_1_271' title='bbox 539 2241 823 2275; x_wconf 51' lang='lat' dir='ltr'><strong>Lacedaemoniuun</strong></span> <span class='ocrx_word' id='word_1_272' title='bbox 837 2240 867 2269; x_wconf 85' lang='lat' dir='ltr'><strong>in</strong></span> <span class='ocrx_word' id='word_1_273' title='bbox 882 2237 1038 2269; x_wconf 72' lang='lat' dir='ltr'><strong>Thessalifi</strong></span> 
     </span>
     <span class='ocr_line' id='line_1_37' title="bbox 336 2282 1038 2326; baseline -0.007 -11"><span class='ocrx_word' id='word_1_274' title='bbox 336 2295 393 2326; x_wconf 73' lang='lat' dir='ltr'><strong>per</strong></span> <span class='ocrx_word' id='word_1_275' title='bbox 405 2285 614 2325; x_wconf 79' lang='lat' dir='ltr'><strong>Aristippum,</strong></span> <span class='ocrx_word' id='word_1_276' title='bbox 629 2291 660 2313; x_wconf 83' lang='lat' dir='ltr'><strong>et</strong></span> <span class='ocrx_word' id='word_1_277' title='bbox 673 2283 738 2313; x_wconf 79' lang='lat' dir='ltr'><strong>aliis</strong></span> <span class='ocrx_word' id='word_1_278' title='bbox 754 2284 784 2312; x_wconf 86' lang='lat' dir='ltr'><strong>in</strong></span> <span class='ocrx_word' id='word_1_279' title='bbox 796 2282 868 2312; x_wconf 76' lang='lat' dir='ltr'><strong>locis</strong></span> <span class='ocrx_word' id='word_1_280' title='bbox 879 2292 934 2322; x_wconf 88' lang='lat' dir='ltr'><strong>per</strong></span> <span class='ocrx_word' id='word_1_281' title='bbox 944 2283 1038 2311; x_wconf 81' lang='lat' dir='ltr'><strong>Prox-</strong></span> 
     </span>
     <span class='ocr_line' id='line_1_38' title="bbox 337 2323 985 2367; baseline -0.006 -10"><span class='ocrx_word' id='word_1_282' title='bbox 337 2338 443 2363; x_wconf 82' lang='lat' dir='ltr'><strong>enum,</strong></span> <span class='ocrx_word' id='word_1_283' title='bbox 457 2326 593 2367; x_wconf 78' lang='lat' dir='ltr'><strong>aliosque</strong></span> <span class='ocrx_word' id='word_1_284' title='bbox 610 2327 702 2356; x_wconf 82' lang='lat' dir='ltr'><strong>dures</strong></span> <span class='ocrx_word' id='word_1_285' title='bbox 717 2325 795 2355; x_wconf 85' lang='lat' dir='ltr'><strong>clam</strong></span> <span class='ocrx_word' id='word_1_286' title='bbox 811 2323 985 2364; x_wconf 68' lang='lat' dir='ltr'><strong>colligebat.</strong></span> 
     </span>
    </p>

    <p class='ocr_par' dir='ltr' id='par_1_14' title="bbox 335 2367 1039 2453">
     <span class='ocr_line' id='line_1_39' title="bbox 379 2367 1039 2410; baseline -0.006 -11"><span class='ocrx_word' id='word_1_287' title='bbox 379 2374 411 2400; x_wconf 79' lang='lat'><strong>3.</strong></span> <span class='ocrx_word' id='word_1_288' title='bbox 429 2368 630 2410; x_wconf 63' lang='lat' dir='ltr'><strong>Nuntiatum]</strong></span> <span class='ocrx_word' id='word_1_289' title='bbox 654 2370 714 2399; x_wconf 84' lang='lat' dir='ltr'><strong>Per</strong></span> <span class='ocrx_word' id='word_1_290' title='bbox 728 2367 970 2409; x_wconf 74' lang='lat' dir='ltr'><strong>Tissaphernem</strong></span> <span class='ocrx_word' id='word_1_291' title='bbox 988 2367 1039 2395; x_wconf 92' lang='lat' dir='ltr'><strong>Sa-</strong></span> 
     </span>
     <span class='ocr_line' id='line_1_40' title="bbox 335 2419 468 2453; baseline -0.008 -10"><span class='ocrx_word' id='word_1_292' title='bbox 335 2419 468 2453; x_wconf 78' lang='lat' dir='ltr'><strong>trapam.</strong></span> 
     </span>
    </p>

    <p class='ocr_par' dir='ltr' id='par_1_15' title="bbox 337 2450 1041 2622">
     <span class='ocr_line' id='line_1_41' title="bbox 380 2450 1041 2496; baseline -0.008 -11"><span class='ocrx_word' id='word_1_293' title='bbox 380 2459 411 2485; x_wconf 84' lang='lat'><strong>4.</strong></span> <span class='ocrx_word' id='word_1_294' title='bbox 426 2456 465 2484; x_wconf 92' lang='lat' dir='ltr'><em>N</em></span> <span class='ocrx_word' id='word_1_295' title='bbox 468 2454 481 2484; x_wconf 76' lang='grc' dir='ltr'><em>ἶ</em></span> <span class='ocrx_word' id='word_1_296' title='bbox 486 2453 600 2496; x_wconf 63' lang='lat' dir='ltr'><strong>maten]</strong></span> <span class='ocrx_word' id='word_1_297' title='bbox 616 2452 781 2493; x_wconf 75' lang='lat' dir='ltr'><strong>parysatis,</strong></span> <span class='ocrx_word' id='word_1_298' title='bbox 792 2463 862 2493; x_wconf 81' lang='lat' dir='ltr'><strong>quae</strong></span> <span class='ocrx_word' id='word_1_299' title='bbox 874 2450 961 2482; x_wconf 87' lang='lat' dir='ltr'><strong>illum</strong></span> <span class='ocrx_word' id='word_1_300' title='bbox 974 2461 1041 2481; x_wconf 91' lang='lat' dir='ltr'><strong>mo-</strong></span> 
     </span>
     <span class='ocr_line' id='line_1_42' title="bbox 337 2493 1037 2536; baseline -0.007 -8"><span class='ocrx_word' id='word_1_301' title='bbox 337 2497 472 2528; x_wconf 83' lang='lat' dir='ltr'><strong>riturum</strong></span> <span class='ocrx_word' id='word_1_302' title='bbox 489 2496 568 2526; x_wconf 85' lang='lat' dir='ltr'><strong>ulnis</strong></span> <span class='ocrx_word' id='word_1_303' title='bbox 583 2496 754 2536; x_wconf 78' lang='lat' dir='ltr'><strong>complexa,</strong></span> <span class='ocrx_word' id='word_1_304' title='bbox 776 2497 828 2525; x_wconf 85' lang='lat' dir='ltr'><strong>vix</strong></span> <span class='ocrx_word' id='word_1_305' title='bbox 850 2493 957 2524; x_wconf 88' lang='lat' dir='ltr'><strong>multis</strong></span> <span class='ocrx_word' id='word_1_306' title='bbox 971 2504 1037 2535; x_wconf 84' lang='lat' dir='ltr'><strong>pre-</strong></span> 
     </span>
     <span class='ocr_line' id='line_1_43' title="bbox 338 2537 1038 2572; baseline -0.004 -3"><span class='ocrx_word' id='word_1_307' title='bbox 338 2539 424 2570; x_wconf 82' lang='lat' dir='ltr'><strong>tibus</strong></span> <span class='ocrx_word' id='word_1_308' title='bbox 445 2539 463 2569; x_wconf 66' lang='lat' dir='ltr'><strong>a</strong></span> <span class='ocrx_word' id='word_1_309' title='bbox 477 2538 572 2569; x_wconf 73' lang='lat' dir='ltr'><strong>fratre</strong></span> <span class='ocrx_word' id='word_1_310' title='bbox 588 2540 711 2569; x_wconf 79' lang='lat' dir='ltr'><strong>veniam</strong></span> <span class='ocrx_word' id='word_1_311' title='bbox 733 2537 880 2572; x_wconf 86' lang='lat' dir='ltr'><strong>obtinuit,</strong></span> <span class='ocrx_word' id='word_1_312' title='bbox 903 2537 949 2567; x_wconf 83' lang='lat' dir='ltr'><strong>uti</strong></span> <span class='ocrx_word' id='word_1_313' title='bbox 970 2546 1038 2566; x_wconf 81' lang='lat' dir='ltr'><strong>nar·</strong></span> 
     </span>
     <span class='ocr_line' id='line_1_44' title="bbox 337 2581 882 2622; baseline -0.004 -10"><span class='ocrx_word' id='word_1_314' title='bbox 337 2590 408 2613; x_wconf 81' lang='lat' dir='ltr'><strong>rant</strong></span> <span class='ocrx_word' id='word_1_315' title='bbox 425 2583 460 2611; x_wconf 86' lang='lat' dir='ltr'><em>X</em></span> <span class='ocrx_word' id='word_1_316' title='bbox 460 2583 555 2622; x_wconf 59' lang='lat' dir='ltr'><strong>stnoph.</strong></span> <span class='ocrx_word' id='word_1_317' title='bbox 573 2583 680 2613; x_wconf 65' lang='lat' dir='ltr'><strong>Ctesias</strong></span> <span class='ocrx_word' id='word_1_318' title='bbox 695 2587 720 2610; x_wconf 80' lang='lat' dir='ltr'><strong>ct</strong></span> <span class='ocrx_word' id='word_1_319' title='bbox 731 2581 882 2610; x_wconf 80' lang='lat' dir='ltr'><strong>Plutarch.</strong></span> 
     </span>
    </p>

    <p class='ocr_par' dir='ltr' id='par_1_16' title="bbox 337 2621 1043 2793">
     <span class='ocr_line' id='line_1_45' title="bbox 381 2621 1043 2666; baseline -0.006 -11"><span class='ocrx_word' id='word_1_320' title='bbox 381 2628 411 2655; x_wconf 83' lang='lat'><strong>5.</strong></span> <span class='ocrx_word' id='word_1_321' title='bbox 432 2625 496 2654; x_wconf 68' lang='lat' dir='ltr'><strong>JVec</strong></span> <span class='ocrx_word' id='word_1_322' title='bbox 506 2622 840 2666; x_wconf 58' lang='lat' dir='ltr'><strong>perdissimulationem]</strong></span> <span class='ocrx_word' id='word_1_323' title='bbox 873 2621 1043 2652; x_wconf 73' lang='lat' dir='ltr'><strong>Simulabat</strong></span> 
     </span>
     <span class='ocr_line' id='line_1_46' title="bbox 338 2664 1042 2705; baseline -0.004 -8"><span class='ocrx_word' id='word_1_324' title='bbox 338 2674 443 2697; x_wconf 79' lang='lat' dir='ltr'><strong>tamen</strong></span> <span class='ocrx_word' id='word_1_325' title='bbox 468 2666 498 2696; x_wconf 87' lang='lat' dir='ltr'><strong>in</strong></span> <span class='ocrx_word' id='word_1_326' title='bbox 532 2666 646 2697; x_wconf 67' lang='lat' dir='ltr'><strong>Pisidas</strong></span> <span class='ocrx_word' id='word_1_327' title='bbox 681 2666 851 2696; x_wconf 88' lang='lat' dir='ltr'><strong>exercitum</strong></span> <span class='ocrx_word' id='word_1_328' title='bbox 877 2664 1042 2705; x_wconf 82' lang='lat' dir='ltr'><strong>colligere3</strong></span> 
     </span>
     <span class='ocr_line' id='line_1_47' title="bbox 337 2706 1042 2749; baseline -0.004 -10"><span class='ocrx_word' id='word_1_329' title='bbox 337 2709 423 2749; x_wconf 86' lang='lat' dir='ltr'><strong>quod</strong></span> <span class='ocrx_word' id='word_1_330' title='bbox 431 2708 502 2739; x_wconf 72' lang='lat' dir='ltr'><strong>cum</strong></span> <span class='ocrx_word' id='word_1_331' title='bbox 509 2709 650 2739; x_wconf 72' lang='lat' dir='ltr'><strong>audiisset</strong></span> <span class='ocrx_word' id='word_1_332' title='bbox 658 2706 928 2748; x_wconf 74' lang='lat' dir='ltr'><strong>Tissaphernes‚ad</strong></span> <span class='ocrx_word' id='word_1_333' title='bbox 936 2717 1042 2747; x_wconf 84' lang='lat' dir='ltr'><strong>regem</strong></span> 
     </span>
     <span class='ocr_line' id='line_1_48' title="bbox 339 2749 987 2793; baseline -0.002 -11"><span class='ocrx_word' id='word_1_334' title='bbox 339 2761 410 2782; x_wconf 84' lang='lat' dir='ltr'><strong>cum</strong></span> <span class='ocrx_word' id='word_1_335' title='bbox 426 2755 489 2784; x_wconf 84' lang='lat'><strong>500</strong></span> <span class='ocrx_word' id='word_1_336' title='bbox 501 2750 655 2793; x_wconf 80' lang='lat' dir='ltr'><strong>equitibus</strong></span> <span class='ocrx_word' id='word_1_337' title='bbox 670 2751 804 2793; x_wconf 76' lang='lat' dir='ltr'><strong>propere</strong></span> <span class='ocrx_word' id='word_1_338' title='bbox 819 2749 987 2781; x_wconf 83' lang='lat' dir='ltr'><strong>contendit.</strong></span> 
     </span>
    </p>
   </div>
   <div class='ocr_carea' id='block_1_8' title="bbox 1074 2023 1781 2783">
    <p class='ocr_par' dir='ltr' id='par_1_17' title="bbox 1075 2023 1780 2189">
     <span class='ocr_line' id='line_1_49' title="bbox 1117 2023 1780 2067; baseline 0 -11"><span class='ocrx_word' id='word_1_339' title='bbox 1117 2029 1146 2056; x_wconf 88' lang='grc'><strong>6.</strong></span> <span class='ocrx_word' id='word_1_340' title='bbox 1164 2027 1253 2067; x_wconf 81' lang='lat' dir='ltr'><strong>Apud</strong></span> <span class='ocrx_word' id='word_1_341' title='bbox 1267 2026 1370 2067; x_wconf 81' lang='lat' dir='ltr'><strong>Cyrum</strong></span> <span class='ocrx_word' id='word_1_342' title='bbox 1382 2025 1537 2067; x_wconf 62' lang='lat' dir='ltr'><strong>gratiam]</strong></span> <span class='ocrx_word' id='word_1_343' title='bbox 1560 2024 1682 2056; x_wconf 86' lang='lat' dir='ltr'><strong>Infinita</strong></span> <span class='ocrx_word' id='word_1_344' title='bbox 1697 2023 1780 2057; x_wconf 72' lang='lat' dir='ltr'><strong>mili·</strong></span> 
     </span>
     <span class='ocr_line' id='line_1_50' title="bbox 1076 2067 1780 2109; baseline 0 -11"><span class='ocrx_word' id='word_1_345' title='bbox 1076 2067 1158 2098; x_wconf 85' lang='lat' dir='ltr'><strong>tibus</strong></span> <span class='ocrx_word' id='word_1_346' title='bbox 1172 2067 1371 2109; x_wconf 79' lang='lat' dir='ltr'><strong>pollicebatur</strong></span> <span class='ocrx_word' id='word_1_347' title='bbox 1383 2079 1390 2105; x_wconf 83' lang='lat'><em>3</em></span> <span class='ocrx_word' id='word_1_348' title='bbox 1406 2068 1428 2097; x_wconf 85' lang='lat' dir='ltr'><strong>si</strong></span> <span class='ocrx_word' id='word_1_349' title='bbox 1444 2068 1600 2109; x_wconf 86' lang='lat' dir='ltr'><strong>pedestres</strong></span> <span class='ocrx_word' id='word_1_350' title='bbox 1614 2067 1780 2104; x_wconf 82' lang='lat' dir='ltr'><strong>venissent,</strong></span> 
     </span>
     <span class='ocr_line' id='line_1_51' title="bbox 1075 2109 1780 2153; baseline -0.001 -13"><span class='ocrx_word' id='word_1_351' title='bbox 1075 2121 1187 2151; x_wconf 83' lang='lat' dir='ltr'><strong>equos:</strong></span> <span class='ocrx_word' id='word_1_352' title='bbox 1213 2111 1236 2140; x_wconf 90' lang='lat' dir='ltr'><strong>si</strong></span> <span class='ocrx_word' id='word_1_353' title='bbox 1248 2118 1415 2152; x_wconf 72' lang='lat' dir='ltr'><strong>equestreS,</strong></span> <span class='ocrx_word' id='word_1_354' title='bbox 1425 2110 1528 2151; x_wconf 77' lang='lat' dir='ltr'><strong>bigas:</strong></span> <span class='ocrx_word' id='word_1_355' title='bbox 1552 2111 1577 2141; x_wconf 85' lang='lat' dir='ltr'><strong>si</strong></span> <span class='ocrx_word' id='word_1_356' title='bbox 1592 2110 1709 2153; x_wconf 84' lang='lat' dir='ltr'><strong>praedia</strong></span> <span class='ocrx_word' id='word_1_357' title='bbox 1723 2109 1780 2140; x_wconf 89' lang='lat' dir='ltr'><strong>ha-</strong></span> 
     </span>
     <span class='ocr_line' id='line_1_52' title="bbox 1075 2153 1750 2189; baseline -0.001 -6"><span class='ocrx_word' id='word_1_358' title='bbox 1075 2153 1196 2189; x_wconf 75' lang='lat' dir='ltr'><strong>berent,</strong></span> <span class='ocrx_word' id='word_1_359' title='bbox 1210 2153 1310 2184; x_wconf 86' lang='lat' dir='ltr'><strong>vicos:</strong></span> <span class='ocrx_word' id='word_1_360' title='bbox 1336 2153 1359 2183; x_wconf 89' lang='lat' dir='ltr'><strong>si</strong></span> <span class='ocrx_word' id='word_1_361' title='bbox 1375 2153 1458 2183; x_wconf 86' lang='lat' dir='ltr'><strong>vicos</strong></span> <span class='ocrx_word' id='word_1_362' title='bbox 1473 2153 1574 2183; x_wconf 83' lang='lat' dir='ltr'><strong>urbes.</strong></span> <span class='ocrx_word' id='word_1_363' title='bbox 1595 2153 1750 2184; x_wconf 78' lang='lat' dir='ltr'><strong>Plutarch.</strong></span> 
     </span>
    </p>

    <p class='ocr_par' dir='ltr' id='par_1_18' title="bbox 1074 2195 1779 2492">
     <span class='ocr_line' id='line_1_53' title="bbox 1117 2195 1779 2237; baseline -0.003 -11"><span class='ocrx_word' id='word_1_364' title='bbox 1117 2198 1145 2226; x_wconf 89' lang='lat'><strong>7.</strong></span> <span class='ocrx_word' id='word_1_365' title='bbox 1161 2197 1234 2226; x_wconf 83' lang='lat' dir='ltr'><strong>Fors</strong></span> <span class='ocrx_word' id='word_1_366' title='bbox 1245 2195 1367 2237; x_wconf 79' lang='lat' dir='ltr'><strong>praelii.]</strong></span> <span class='ocrx_word' id='word_1_367' title='bbox 1392 2196 1474 2225; x_wconf 83' lang='lat' dir='ltr'><strong>Cum</strong></span> <span class='ocrx_word' id='word_1_368' title='bbox 1491 2197 1576 2236; x_wconf 81' lang='lat' dir='ltr'><strong>Cyro</strong></span> <span class='ocrx_word' id='word_1_369' title='bbox 1592 2197 1779 2226; x_wconf 74' lang='lat' dir='ltr'><strong>Graecorum</strong></span> 
     </span>
     <span class='ocr_line' id='line_1_54' title="bbox 1074 2236 1778 2274; baseline 0 -6"><span class='ocrx_word' id='word_1_370' title='bbox 1074 2245 1160 2268; x_wconf 84' lang='lat' dir='ltr'><strong>erant</strong></span> <span class='ocrx_word' id='word_1_371' title='bbox 1179 2238 1328 2268; x_wconf 83' lang='lat' dir='ltr'><strong>tredecim</strong></span> <span class='ocrx_word' id='word_1_372' title='bbox 1351 2237 1456 2274; x_wconf 83' lang='lat' dir='ltr'><strong>millia,</strong></span> <span class='ocrx_word' id='word_1_373' title='bbox 1480 2237 1685 2269; x_wconf 84' lang='lat' dir='ltr'><strong>barbarorum</strong></span> <span class='ocrx_word' id='word_1_374' title='bbox 1700 2236 1778 2268; x_wconf 71' lang='lat' dir='ltr'><strong>vero</strong></span> 
     </span>
     <span class='ocr_line' id='line_1_55' title="bbox 1075 2280 1779 2321; baseline -0.001 -11"><span class='ocrx_word' id='word_1_375' title='bbox 1075 2281 1181 2310; x_wconf 89' lang='lat' dir='ltr'><strong>decem</strong></span> <span class='ocrx_word' id='word_1_376' title='bbox 1197 2280 1360 2321; x_wconf 81' lang='lat' dir='ltr'><strong>myriades,</strong></span> <span class='ocrx_word' id='word_1_377' title='bbox 1376 2294 1409 2310; x_wconf 80' lang='lat' dir='ltr'><strong>ex</strong></span> <span class='ocrx_word' id='word_1_378' title='bbox 1421 2282 1504 2312; x_wconf 69' lang='lat' dir='ltr'><strong>Ptat.</strong></span> <span class='ocrx_word' id='word_1_379' title='bbox 1515 2293 1550 2311; x_wconf 83' lang='lat' dir='ltr'><strong>ex</strong></span> <span class='ocrx_word' id='word_1_380' title='bbox 1564 2280 1694 2321; x_wconf 81' lang='lat' dir='ltr'><strong>Xenoph.</strong></span> <span class='ocrx_word' id='word_1_381' title='bbox 1706 2289 1779 2310; x_wconf 84' lang='lat' dir='ltr'><strong>curu</strong></span> 
     </span>
     <span class='ocr_line' id='line_1_56' title="bbox 1078 2321 1779 2364; baseline -0.001 -11"><span class='ocrx_word' id='word_1_382' title='bbox 1078 2325 1248 2353; x_wconf 63' lang='lat' dir='ltr'><strong>Artaxerxe</strong></span> <span class='ocrx_word' id='word_1_383' title='bbox 1259 2323 1427 2364; x_wconf 68' lang='lat' dir='ltr'><strong>nonaginta</strong></span> <span class='ocrx_word' id='word_1_384' title='bbox 1437 2322 1545 2360; x_wconf 85' lang='lat' dir='ltr'><strong>millia,</strong></span> <span class='ocrx_word' id='word_1_385' title='bbox 1555 2330 1585 2353; x_wconf 90' lang='lat' dir='ltr'><strong>et</strong></span> <span class='ocrx_word' id='word_1_386' title='bbox 1594 2321 1698 2353; x_wconf 78' lang='lat' dir='ltr'><strong>falcati</strong></span> <span class='ocrx_word' id='word_1_387' title='bbox 1708 2331 1779 2352; x_wconf 88' lang='lat' dir='ltr'><strong>cur-</strong></span> 
     </span>
     <span class='ocr_line' id='line_1_57' title="bbox 1076 2363 1778 2405; baseline -0.003 -9"><span class='ocrx_word' id='word_1_388' title='bbox 1076 2376 1125 2396; x_wconf 88' lang='lat' dir='ltr'><strong>rus</strong></span> <span class='ocrx_word' id='word_1_389' title='bbox 1142 2370 1211 2396; x_wconf 81' lang='lat'>150.</span> <span class='ocrx_word' id='word_1_390' title='bbox 1234 2365 1392 2396; x_wconf 84' lang='lat' dir='ltr'><strong>Diodorus</strong></span> <span class='ocrx_word' id='word_1_391' title='bbox 1403 2373 1507 2396; x_wconf 86' lang='lat' dir='ltr'><strong>tamen</strong></span> <span class='ocrx_word' id='word_1_392' title='bbox 1516 2365 1605 2396; x_wconf 84' lang='lat' dir='ltr'><strong>aliter</strong></span> <span class='ocrx_word' id='word_1_393' title='bbox 1615 2363 1778 2405; x_wconf 71' lang='lat' dir='ltr'><strong>utriusque</strong></span> 
     </span>
     <span class='ocr_line' id='line_1_58' title="bbox 1076 2407 1779 2449; baseline 0 -12"><span class='ocrx_word' id='word_1_394' title='bbox 1076 2407 1176 2448; x_wconf 85' lang='lat' dir='ltr'><strong>copias</strong></span> <span class='ocrx_word' id='word_1_395' title='bbox 1191 2416 1344 2438; x_wconf 77' lang='lat' dir='ltr'><strong>numerat.</strong></span> <span class='ocrx_word' id='word_1_396' title='bbox 1370 2410 1550 2449; x_wconf 84' lang='lat' dir='ltr'><strong>Pugnatum</strong></span> <span class='ocrx_word' id='word_1_397' title='bbox 1561 2413 1606 2438; x_wconf 80' lang='lat' dir='ltr'><strong>est</strong></span> <span class='ocrx_word' id='word_1_398' title='bbox 1621 2416 1704 2437; x_wconf 81' lang='lat' dir='ltr'><strong>trans</strong></span> <span class='ocrx_word' id='word_1_399' title='bbox 1714 2407 1779 2437; x_wconf 87' lang='lat' dir='ltr'><strong>Eu-</strong></span> 
     </span>
     <span class='ocr_line' id='line_1_59' title="bbox 1075 2450 1664 2492; baseline 0 -12"><span class='ocrx_word' id='word_1_400' title='bbox 1075 2450 1217 2492; x_wconf 88' lang='lat' dir='ltr'><strong>phratem</strong></span> <span class='ocrx_word' id='word_1_401' title='bbox 1232 2451 1271 2480; x_wconf 82' lang='lat' dir='ltr'><strong>ad</strong></span> <span class='ocrx_word' id='word_1_402' title='bbox 1286 2450 1388 2481; x_wconf 87' lang='lat' dir='ltr'><strong>locum</strong></span> <span class='ocrx_word' id='word_1_403' title='bbox 1403 2450 1521 2481; x_wconf 88' lang='lat' dir='ltr'><strong>dictum</strong></span> <span class='ocrx_word' id='word_1_404' title='bbox 1535 2450 1664 2480; x_wconf 79' lang='lat' dir='ltr'><strong>Cunaxa.</strong></span> 
     </span>
    </p>

    <p class='ocr_par' dir='ltr' id='par_1_19' title="bbox 1075 2491 1781 2783">
     <span class='ocr_line' id='line_1_60' title="bbox 1118 2491 1780 2535; baseline 0.002 -12"><span class='ocrx_word' id='word_1_405' title='bbox 1118 2496 1146 2523; x_wconf 84' lang='lat'><strong>8.</strong></span> <span class='ocrx_word' id='word_1_406' title='bbox 1168 2495 1198 2523; x_wconf 86' lang='lat' dir='ltr'><em>A</em></span> <span class='ocrx_word' id='word_1_407' title='bbox 1208 2495 1310 2531; x_wconf 62' lang='lat' dir='ltr'><strong>fratre</strong></span> <span class='ocrx_word' id='word_1_408' title='bbox 1329 2492 1521 2535; x_wconf 60' lang='lat' dir='ltr'><strong>vulneratum]</strong></span> <span class='ocrx_word' id='word_1_409' title='bbox 1564 2493 1648 2523; x_wconf 88' lang='lat' dir='ltr'><strong>Cum</strong></span> <span class='ocrx_word' id='word_1_410' title='bbox 1673 2491 1780 2524; x_wconf 70' lang='lat' dir='ltr'><strong>Graeci</strong></span> 
     </span>
     <span class='ocr_line' id='line_1_61' title="bbox 1075 2535 1779 2577; baseline 0 -11"><span class='ocrx_word' id='word_1_411' title='bbox 1075 2536 1231 2577; x_wconf 82' lang='lat' dir='ltr'><strong>oppositos</strong></span> <span class='ocrx_word' id='word_1_412' title='bbox 1239 2537 1346 2566; x_wconf 79' lang='lat' dir='ltr'><strong>Persas</strong></span> <span class='ocrx_word' id='word_1_413' title='bbox 1355 2535 1514 2574; x_wconf 79' lang='lat' dir='ltr'><strong>fudissent3</strong></span> <span class='ocrx_word' id='word_1_414' title='bbox 1528 2535 1718 2566; x_wconf 85' lang='lat' dir='ltr'><strong>Artaxerxes</strong></span> <span class='ocrx_word' id='word_1_415' title='bbox 1726 2544 1779 2566; x_wconf 85' lang='lat' dir='ltr'><strong>sex</strong></span> 
     </span>
     <span class='ocr_line' id='line_1_62' title="bbox 1076 2576 1781 2619; baseline 0 -11"><span class='ocrx_word' id='word_1_416' title='bbox 1076 2578 1171 2609; x_wconf 90' lang='lat' dir='ltr'><strong>millia</strong></span> <span class='ocrx_word' id='word_1_417' title='bbox 1185 2577 1421 2609; x_wconf 81' lang='lat' dir='ltr'><strong>lectissimorum</strong></span> <span class='ocrx_word' id='word_1_418' title='bbox 1435 2578 1588 2619; x_wconf 89' lang='lat' dir='ltr'><strong>equitum,</strong></span> <span class='ocrx_word' id='word_1_419' title='bbox 1603 2576 1716 2618; x_wconf 89' lang='lat' dir='ltr'><strong>quibus</strong></span> <span class='ocrx_word' id='word_1_420' title='bbox 1726 2576 1781 2608; x_wconf 85' lang='lat' dir='ltr'><strong>sti-</strong></span> 
     </span>
     <span class='ocr_line' id='line_1_63' title="bbox 1076 2618 1779 2662; baseline -0.001 -12"><span class='ocrx_word' id='word_1_421' title='bbox 1076 2629 1164 2662; x_wconf 83' lang='lat' dir='ltr'><strong>patus</strong></span> <span class='ocrx_word' id='word_1_422' title='bbox 1179 2627 1256 2659; x_wconf 70' lang='lat' dir='ltr'><strong>erat,</strong></span> <span class='ocrx_word' id='word_1_423' title='bbox 1269 2621 1378 2656; x_wconf 80' lang='lat' dir='ltr'><strong>movit,</strong></span> <span class='ocrx_word' id='word_1_424' title='bbox 1390 2627 1424 2650; x_wconf 89' lang='lat' dir='ltr'><strong>ut</strong></span> <span class='ocrx_word' id='word_1_425' title='bbox 1437 2618 1589 2650; x_wconf 69' lang='lat' dir='ltr'><strong>Graecosxi</strong></span> <span class='ocrx_word' id='word_1_426' title='bbox 1601 2627 1691 2661; x_wconf 88' lang='lat' dir='ltr'><strong>tergo</strong></span> <span class='ocrx_word' id='word_1_427' title='bbox 1703 2619 1779 2649; x_wconf 85' lang='lat' dir='ltr'><strong>ado-</strong></span> 
     </span>
     <span class='ocr_line' id='line_1_64' title="bbox 1076 2661 1780 2703; baseline -0.001 -10"><span class='ocrx_word' id='word_1_428' title='bbox 1076 2672 1208 2701; x_wconf 79' lang='lat' dir='ltr'><strong>reretur3</strong></span> <span class='ocrx_word' id='word_1_429' title='bbox 1224 2663 1307 2703; x_wconf 89' lang='lat' dir='ltr'><strong>quod</strong></span> <span class='ocrx_word' id='word_1_430' title='bbox 1319 2663 1436 2693; x_wconf 85' lang='lat' dir='ltr'><strong>veritus</strong></span> <span class='ocrx_word' id='word_1_431' title='bbox 1451 2664 1562 2703; x_wconf 85' lang='lat' dir='ltr'><strong>Cyrus,</strong></span> <span class='ocrx_word' id='word_1_432' title='bbox 1575 2661 1605 2691; x_wconf 94' lang='lat' dir='ltr'><strong>in</strong></span> <span class='ocrx_word' id='word_1_433' title='bbox 1621 2672 1674 2692; x_wconf 84' lang='lat' dir='ltr'><strong>eos</strong></span> <span class='ocrx_word' id='word_1_434' title='bbox 1687 2661 1780 2692; x_wconf 87' lang='lat' dir='ltr'><strong>irruit</strong></span> 
     </span>
     <span class='ocr_line' id='line_1_65' title="bbox 1077 2703 1780 2746; baseline -0.004 -10"><span class='ocrx_word' id='word_1_435' title='bbox 1077 2713 1164 2736; x_wconf 83' lang='lat' dir='ltr'><strong>tanto</strong></span> <span class='ocrx_word' id='word_1_436' title='bbox 1175 2706 1307 2746; x_wconf 73' lang='lat' dir='ltr'><strong>impetn,</strong></span> <span class='ocrx_word' id='word_1_437' title='bbox 1318 2713 1352 2735; x_wconf 85' lang='lat' dir='ltr'><strong>ut</strong></span> <span class='ocrx_word' id='word_1_438' title='bbox 1367 2715 1474 2735; x_wconf 88' lang='lat' dir='ltr'><strong>omnes</strong></span> <span class='ocrx_word' id='word_1_439' title='bbox 1482 2704 1611 2735; x_wconf 86' lang='lat' dir='ltr'><strong>verterit</strong></span> <span class='ocrx_word' id='word_1_440' title='bbox 1620 2704 1650 2734; x_wconf 90' lang='lat' dir='ltr'><strong>in</strong></span> <span class='ocrx_word' id='word_1_441' title='bbox 1660 2703 1780 2745; x_wconf 80' lang='lat' dir='ltr'><strong>fugam,</strong></span> 
     </span>
     <span class='ocr_line' id='line_1_66' title="bbox 1077 2745 1780 2783; baseline -0.004 -4"><span class='ocrx_word' id='word_1_442' title='bbox 1077 2748 1100 2779; x_wconf 78' lang='lat' dir='ltr'><strong>si</strong></span> <span class='ocrx_word' id='word_1_443' title='bbox 1116 2756 1188 2780; x_wconf 86' lang='lat' dir='ltr'><strong>tunc</strong></span> <span class='ocrx_word' id='word_1_444' title='bbox 1206 2747 1372 2780; x_wconf 83' lang='lat' dir='ltr'><strong>Clearchus</strong></span> <span class='ocrx_word' id='word_1_445' title='bbox 1386 2747 1418 2778; x_wconf 86' lang='lat' dir='ltr'><strong>in</strong></span> <span class='ocrx_word' id='word_1_446' title='bbox 1437 2747 1573 2779; x_wconf 77' lang='lat' dir='ltr'><strong>mediam</strong></span> <span class='ocrx_word' id='word_1_447' title='bbox 1595 2746 1704 2783; x_wconf 81' lang='lat' dir='ltr'><strong>aciem,</strong></span> <span class='ocrx_word' id='word_1_448' title='bbox 1725 2745 1780 2777; x_wconf 79' lang='lat' dir='ltr'><strong>ubi</strong></span> 
     </span>
    </p>
   </div>
  </div>
 </body>
</html>
