1903 3076
559 182 674 224 LIB.
707 182 818 224 XII.
873 181 1005 224 CAP
1040 179 1126 222 XI.

140 264 317 306 reditum
338 270 548 319 precatus:
581 269 646 302 ²ac
677 261 807 303 veluti
838 276 960 302 curru
989 261 1099 301 circa
1127 269 1280 302 metam
1312 268 1418 312 acto,
1447 259 1594 314 positis

141 323 306 378 imperii
320 320 518 370 terminis,
528 331 724 376 quatenus
738 331 808 361 aut
823 330 1023 361 terrarum
1038 319 1276 360 solitudines
1291 318 1451 373 prodire
1464 333 1595 372 passae

143 391 250 433 sunt,
270 391 338 422 aut
355 394 467 420 mare
487 378 722 434 navigabile
738 379 833 430 fuit,
854 379 1032 420 secundo
1052 386 1156 419 aestu
1176 377 1279 418 ostio
1299 377 1479 418 fluminis
1501 375 1596 417 Indi

143 439 367 481 invehitur.
442 437 509 478 Ibi
539 436 583 478 in
613 449 874 478 monumenta
904 451 1042 478 rerum
1071 451 1095 476 a
1124 451 1166 478 se
1197 444 1417 491 gestarum,
1448 437 1598 475 urbem

147 500 324 541 'Barcen
359 495 568 544 condidit;
601 495 768 551 arasque
790 497 941 547 statuit,
974 494 1117 536 relicto
1148 510 1200 536 ex
1235 508 1406 534 numero
1441 494 1597 533 amico-

143 571 251 608 rum,
279 555 527 596 littoralibus
558 554 672 595 Indis
700 555 908 608 praefecto.
968 553 1068 594 Inde
1089 554 1167 594 iter
1187 564 1372 594 terrestre
1400 552 1596 602 facturus,

144 629 241 656 cum
252 615 395 655 arida*
383 629 473 655 soca
491 612 618 654 medii
639 612 795 653 itineris
811 614 1055 663 dicerentur,
1077 623 1220 665 puteos
1237 609 1476 664 opportunis
1494 610 1598 650 locis

141 673 228 714 fieri
247 672 450 727 praecipit,
470 672 619 728 quibus
638 670 793 727 ingenti
827 669 937 711 dulci
968 685 1074 726 aqua
1109 670 1289 719 inventa,
1321 667 1599 723 Babyloniam

139 730 258 772 redit.
320 731 409 771 ²Ibi
430 732 568 772 multae
589 729 759 770 devicrae
779 739 918 785 gentes
941 729 1154 782 praefectos
1173 744 1268 769 suos
1283 726 1596 774 accusaverunt3

142 805 262 846 quos,
284 789 369 830 sine
390 799 575 842 respectu
591 787 804 839 amicitiaej
823 787 1083 827 Alexander
1073 803 1112 827 1n
1128 797 1347 840 conspectu
1366 787 1598 850 legatorum

145 849 297 889 ³necari
309 847 443 902 jussit.
476 847 622 888 Filiam
645 849 840 900 posthaec
863 844 984 887 Darii
1006 845 1127 900 regis,
1157 843 1399 886 ⁴Statiram
1390 859 1432 884 m
1452 841 1597 884 matri-

144 907 334 948 monium
353 907 525 960 recepit:
557 907 626 946 sed
645 913 684 946 et
703 903 970 958 optimatibus
993 903 1273 944 Macedonum
1293 905 1416 943 lectas
1435 917 1488 942 ex
1507 916 1598 941 om-

144 965 265 1006 nibus
285 965 477 1020 gentibus
496 962 775 1005 nobilissimas
795 961 979 1018 virgines
997 962 1175 1015 tradidit,
1191 970 1240 1002 ut
1258 960 1467 1003 communi
1487 960 1599 1000 facto

144 1024 300 1065 crimen
318 1023 424 1079 regis
443 1025 662 1066 levaretur.

1724 186 1803 222 123

208 1079 571 1124 CAP.X1.Hinc
591 1083 640 1121 ad
654 1079 893 1121 concionem
910 1077 1137 1120 exercitum
1156 1085 1305 1127 vocat3
1327 1086 1366 1118 et
1383 1047 1597 1132 promittit,
1610 1079 1809 1111 Illiuslibera-

150 1157 194 1184 se
214 1156 268 1187 aes
288 1140 469 1180 alienum
489 1138 675 1179 omnium
697 1138 888 1192 propri&
877 1151 1063 1191 lmpensa
1083 1138 1326 1189 solutorum,
1355 1148 1399 1177 ut
1420 1137 1600 1190 praedam

148 1196 402 1255 praemia'tque
422 1198 581 1252 integra
600 1201 742 1237 domos
762 1197 906 1238 ferant.
965 1194 1173 1251 bInsignis
1203 1198 1290 1236 haec
1326 1195 1604 1235 munificenua

147 1273 227 1300 non
249 1271 409 1298 summa
427 1257 602 1305 tantum,
622 1270 768 1296 vetum
788 1255 913 1295 etiam
935 1253 1053 1294 titulo
1073 1253 1256 1294 muneris
1274 1253 1370 1305 fuit,
1390 1268 1463 1293 nec
1485 1253 1509 1292 ἐι
1529 1253 1603 1292 de-

147 1315 351 1358 bitoribus
371 1315 501 1370 magis
521 1328 649 1369 quam
670 1328 694 1353 a
713 1313 980 1354 creditoribus
1001 1312 1154 1367 gratius
1182 1320 1375 1364 excepta:
1407 1310 1603 1366 quoniam

147 1374 332 1432 utrisque
351 1373 512 1414 exactio
534 1372 683 1426 pariter
704 1388 749 1412 ac
771 1371 920 1413 solutio
932 1370 1109 1411 difficllis
1124 1379 1225 1411 erat.
1245 1385 1303 1410 xx
1322 1370 1453 1409 millia
1474 1370 1603 1409 talen-

147 1432 239 1474 tum
253 1434 576 1485 mhossumptus
591 1445 785 1485 expensa.
815 1428 1017 1471 Dimissis
1026 1429 1241 1479 veteranis,
1253 1428 1477 1469 exercitum
1489 1425 1603 1481 juni-

151 1491 294 1532 oribus
306 1491 483 1544 supplet.
515 1490 594 1530 Sed
614 1489 773 1540 retenti,
794 1498 1081 1530 veteranorum
1100 1487 1326 1531 discessum
1343 1502 1424 1542 aegr
1429 1487 1450 1526 ὲ
1467 1488 1604 1525 teren-

149 1559 225 1600 tes,
246 1549 504 1590 ⁵miss1onem
521 1559 561 1589 et
579 1548 660 1601 ipsi
680 1547 934 1602 flagitabant:
970 1562 1044 1587 nec
1062 1561 1204 1598 annos,
1224 1547 1293 1586 sed
1314 1544 1514 1598 stipendia
1531 1559 1605 1584 sua

149 1608 355 1650 numerari
372 1604 590 1660 jubebant:
612 1606 764 1660 pariter
783 1606 824 1646 in
838 1604 1029 1647 militiam
1045 1605 1190 1656 lectos,
1209 1603 1358 1658 pariter
1374 1617 1605 1644 sacramen-

152 1675 196 1707 to
217 1666 336 1715 solvi,
355 1680 520 1720 aequum
539 1673 766 1705 censentes:
790 1680 863 1705 nec
882 1665 969 1718 jam
989 1663 1198 1716 precibus,
1217 1665 1286 1702 secl
1306 1661 1487 1702 convitio
1507 1675 1605 1716 age-

152 1725 265 1777 bant,
277 1725 466 1778 jubentes
486 1738 581 1764 eum
601 1724 736 1764 solum
758 1738 851 1764 curn
875 1733 987 1776 patre
1007 1737 1082 1762 suo
1104 1720 1367 1763 Hammone
1356 1720 1461 1760 mire
1482 1720 1608 1770 bella,

153 1792 354 1837 quatenus
370 1783 520 1823 milites
536 1797 628 1822 suos
645 1781 838 1822 fastidiat.
889 1779 1042 1821 Contra
1065 1780 1136 1823 ille
1151 1795 1258 1820 nunc
1278 1778 1476 1843 castigare
1496 1777 1609 1818 mili·

154 1851 230 1892 tes,
250 1856 357 1882 nunc
377 1841 540 1882 lenibus
556 1840 693 1882 verbis
714 1851 894 1890 monere,
913 1855 963 1879 ne
985 1838 1204 1894 gloriosam
1224 1836 1420 1878 militiam
1441 1835 1610 1877 seditio-

154 1898 277 1940 nibus
289 1899 550 1940 infuscarent.
582 1901 652 1940 Ad
670 1907 924 1952 postremum
941 1912 1038 1939 cum
1053 1894 1301 1937 verbisnihil
1314 1895 1483 1949 proficet·
1486 1903 1539 1944 et3
1558 1895 1610 1934 ad

155 1957 434 2012 corripiendos
445 1957 655 1999 seditionis
668 1958 891 2008 auctores‚e
903 1955 1100 1998 tribunali
1112 1955 1154 1996 in
1167 1954 1404 1996 concionem
1412 1962 1611 1994 armatam

694 2082 1080 2115 INTERPRETATIO.

202 2152 220 2173 ²
236 2152 351 2184 Secutus
360 2157 455 2183 esium
463 2152 570 2193 pelagi,
579 2151 787 2194 ostiaslumieui:
800 2153 874 2182 Inds·
904 2153 1011 2183 tudines
1026 2151 1178 2192 regionum,
1192 2153 1220 2178 et
1233 2159 1320 2178 naves
1334 2158 1418 2189 agere
1430 2145 1459 2176 r'n
1468 2144 1579 2187 pelago.

159 2198 322 2238 ingreditur
339 2204 470 2236 tanquam
483 2194 597 2232 victor,
619 2198 667 2236 qui
681 2207 796 2224 currum
811 2197 867 2236 egit
948 2195 966 2220 b
987 2194 1104 2225 Summa
1119 2192 1176 2222 ltaec
1188 2192 1347 2222 liberalitas
1370 2196 1480 2231 occepta
1495 2194 1535 2218 est
1555 2198 1614 2217 om

159 2243 236 2270 circu
250 2252 289 2268 me
293 2246 362 2274 tam,
375 2238 444 2280 qumi-1
453 2239 616 2279 protulisset
631 2237 824 2279 imperiifines
841 2237 868 2268 εὖ
906 2238 985 2267 nibus
1006 2244 1063 2278 pro
1092 2246 1204 2265 munere
1230 2235 1365 2271 maximo,
1392 2239 1418 2262 et
1447 2239 1506 2262 tam
1525 2236 1614 2273 grata

162 2296 246 2325 mque
258 2281 310 2324 qub
322 2284 412 2317 licuit,
428 2289 454 2312 et
468 2282 618 2312 exercitum
631 2282 727 2312 ducere
734 2288 789 2323 per
801 2282 867 2312 soli·
897 2282 966 2322 fuit
979 2279 1162 2312 creditoribus
1176 2275 1258 2319 qucim
1272 2276 1450 2308 dabitoribus.

803 2385 874 2418 No
884 2385 971 2417 TAE.

207 2470 236 2498 1.
261 2467 374 2498 Barcen
396 2463 538 2507 condidit]
579 2462 793 2496 Construxisse
818 2472 871 2493 na-
910 2459 1028 2492 occisus
1043 2460 1209 2492 Parmenio
1223 2460 1324 2492 fuerat
1338 2459 1511 2492 Alexandri
1524 2459 1619 2502 jussu.

162 2511 248 2543 valia
265 2509 405 2541 referunt
427 2509 553 2539 Arrian.
573 2515 604 2538 et
628 2507 720 2539 Curt.
764 2509 812 2537 At
834 2504 872 2535 de
953 2507 982 2534 4.
1007 2503 1174 2546 Statiram.]
1226 2503 1293 2535 Alii
1317 2505 1464 2535 Barsinen
1490 2503 1617 2534 dicunt:

164 2555 263 2590 Barce
277 2563 338 2584 non
357 2550 579 2583 meminerunt.
914 2547 1087 2587 Parasytim
1101 2547 1211 2587 etiam,
1233 2557 1270 2577 ex
1287 2545 1369 2578 Ochi
1391 2545 1512 2578 filiabus
1526 2544 1619 2576 mini·

209 2594 430 2636 2.Ib1multae]
445 2595 518 2625 Non
530 2591 719 2634 Babyloniae,
733 2590 786 2622 sed
796 2590 872 2622 dum
911 2599 1007 2628 mam,
1023 2590 1105 2620 Susis
1121 2599 1249 2620 uxorem
1266 2590 1363 2621 duxit.

165 2639 373 2688 Babyloniam
385 2638 477 2668 redit.
954 2635 985 2664 5.
1003 2633 1062 2663 M
1054 2645 1187 2663 tutonem
1189 2632 1202 2675 ]
1225 2633 1285 2674 Ipsi
1295 2633 1389 2663 etiam
1402 2631 1511 2663 infensi
1521 2630 1621 2663 Alex-

209 2687 238 2713 3.
253 2683 303 2715 Ne
305 2683 468 2722 cunjuuis.
462 2677 703 2727 .]Cleandrum‚
717 2675 874 2712 Sitaclern,
912 2675 1009 2705 andro
1031 2676 1184 2716 veterani,
1205 2675 1292 2718 quasi
1314 2675 1397 2708 bello
1417 2674 1552 2711 inutiles.
1573 2674 1621 2705 di-

165 2724 413 2769 etAgathonem
423 2721 685 2766 Medispraeposit
675 2719 836 2762 oslaquib
841 2730 887 2752 is
911 2717 969 2750 mi.
972 2726 1124 2751 ceremur.

1611 1127 1690 1159 litos,

1565 1193 1573 1199 .
1613 1169 1732 1199 veritas.

1716 1129 1744 1152 et
1768 1134 1810 1153 se·
