1903 3076
596 146 709 192 LIB.
733 140 815 189 III.
848 149 979 191 CAP.
1002 147 1039 189 I.
1704 158 1760 194 41

99 246 143 278 ὃ.
179 236 350 278 Tertium
387 233 521 273 bellum
562 231 791 273 Messeniam
811 248 824 280 ‚-
869 230 1219 287 Peloponnesiacum
1259 230 1362 282 item,
1399 231 1438 271 in
1476 246 1545 285 quo

211 296 340 335 multae
357 301 550 332 eventuum
568 291 700 332 varior
707 306 767 330 um
774 289 922 344 facies.

105 363 144 395 7.
177 351 295 394 Pacis
298 351 432 404 foedus
450 359 618 405 mptum.
668 347 860 402 Spartani
867 356 1096 403 premuntur
1116 346 1280 387 Periclis
1299 346 1456 396 virtute,
1479 360 1545 385 cu-

203 413 276 465 jus
292 407 443 461 egregia
462 406 500 447 in
520 407 790 462 rempublicam
810 404 946 445 merita
964 404 1238 446 describuntur.
1299 405 1449 445 Iterum
1466 415 1547 460 pax

215 465 366 507 sancita
387 475 422 506 et
441 466 588 506 violatu
606 481 620 505 :
651 466 744 528 uarie
764 463 899 504 bellum
919 462 1102 503 Siculum.

691 607 892 650 CAPUT
929 606 966 649 I.

223 714 425 760 ERXES
459 732 532 759 rex
564 718 793 769 Persarum,
823 726 951 758 terror
984 717 1101 758 antea
1131 716 1332 772 gentium,
1362 712 1471 758 bello
1505 716 1548 757 in
1563 728 1715 760 Xerxtset

279 776 490 818 Graeciam
519 775 737 816 infeliciter
766 785 892 831 gesto,
924 775 1046 815 etiarn
1076 775 1157 816 suis
1183 775 1432 830 contemptui
1462 790 1548 816 esse
1563 771 1763 822 Arrabaniiv

105 835 247 887 coepit.
305 834 470 890 Quippe
504 837 778 875 ‘Artabanus'
797 834 1038 886 ²praefectus
1072 835 1173 887 ejus,
1205 834 1412 874 deficiente
1447 849 1548 889 quo·
1562 821 1765 888 {illitis-3589.

104 891 206 932 tidie
236 893 344 948 regis
363 894 584 946 majestate,
616 892 659 932 in
680 907 791 944 spem
815 891 931 945 regni
951 893 1161 943 adductus,
1191 907 1286 932 cum
1307 901 1461 945 septem
1484 907 1549 932 ro·
1565 899 1615 930 01.
1630 902 1681 930 78.
1695 903 1727 928 4.

104 949 356 992 bustissimis
373 950 466 991 filiis
486 949 642 1005 regiam
663 949 847 1001 ³vesperi
867 948 1091 1004 ingreditur
1115 950 1232 1006 (nam
1254 949 1444 992 amicitiae
1461 950 1550 1004 jure
1565 941 1767 1018 grb'g'jg}

105 1022 271 1062 semper
307 1007 370 1049 illi
402 1009 589 1064 patebat)
621 1007 926 1063 ⁴trucidat6que
956 1023 1067 1062 rege,
1096 1017 1192 1048 voto
1222 1023 1295 1048 suo
1315 1008 1553 1049 obsistentes
1600 993 1642 1016 Μ’
1679 1007 1685 1016 ”
1734 1001 1765 1015 “⁶

105 1065 214 1106 filios
249 1067 353 1119 ejus,
398 1067 493 1107 dolo
531 1066 776 1121 aggreditur.
838 1065 1023 1106 Securior
1056 1068 1104 1106 de
1141 1069 1387 1118 Artaxerxe,
1424 1080 1553 1121 puero

107 1125 342 1176 admodum,
381 1124 500 1180 fingit
537 1139 675 1179 regern
714 1124 737 1163 a
778 1124 923 1174 Dario,
954 1124 1025 1178 qui
1065 1134 1148 1165 erat
1188 1125 1435 1174 adolescens,
1466 1125 1550 1179 quo

107 1181 311 1223 maturius
327 1196 454 1237 regno
473 1182 683 1235 potiretur,
712 1181 892 1222 occisum
913 1200 923 1230 ;
965 1182 1141 1235 impellit
1161 1184 1436 1222 Artaxerxem
1458 1197 1550 1236 par-

106 1239 300 1280 ricidium
328 1239 546 1294 parricidio
568 1239 790 1280 vindicare.
852 1239 962 1280 Cum
980 1249 1147 1280 ventum
1168 1243 1218 1281 ad
1238 1243 1405 1280 domum
1426 1240 1551 1280 Darii

106 1306 228 1350 esset,
257 1297 460 1339 dormiens
489 1297 690 1347 inventus,
719 1297 835 1351 quasi
866 1312 1053 1338 somnum
1087 1298 1269 1354 fingeret,
1297 1298 1550 1339 interficitur.

106 1355 220 1396 Dein
236 1356 332 1397 cum
353 1359 505 1397 ⁵unum
524 1370 575 1396 ex
596 1357 702 1411 regis
722 1356 819 1396 filiis
838 1356 981 1396 sceleri
999 1371 1071 1396 suo
1092 1369 1300 1410 superesse
1316 1357 1553 1396 Artabanus

106 1412 277 1466 videret,
303 1423 583 1469 metueretque
603 1416 651 1454 de
672 1429 796 1468 regno
815 1414 1034 1454 certamina
1053 1414 1302 1468 principum,
1322 1415 1489 1466 assumit
1506 1414 1550 1455 in

107 1472 339 1513 societatem
361 1473 523 1513 consilii
554 1473 856 1521 ⁶Bacabasum3
888 1472 961 1528 qui
983 1472 1169 1526 praesenti
1200 1482 1303 1513 statu
1323 1480 1552 1523 contentus,

107 1544 195 1570 rem
215 1531 349 1584 prodit
371 1531 607 1581 Artaxerxi,
635 1541 678 1571 ut
691 1540 807 1586 pater
825 1533 904 1584 ejus
922 1531 1060 1571 occisus
1077 1550 1092 1579 ;
1124 1529 1552 1587 atfraterfhlsdpar·

108 1587 243 1630 ricidii
258 1589 459 1644 suspicione
478 1600 669 1645 oppressus
684 1607 700 1637 ,-
723 1598 765 1629 ut
785 1589 938 1643 denique
954 1589 1031 1645 zpsi
1042 1599 1232 1644 parentur
1252 1588 1413 1630 insidiae.
1474 1589 1553 1630 His

109 1646 280 1701 cognitis
303 1651 568 1698 Artaxerxes,
587 1661 728 1687 verens
745 1646 944 1687 Artabani
966 1661 1182 1688 numerum
1202 1646 1396 1698 filiorum,
1416 1646 1457 1686 in
1481 1661 1553 1700 po-

109 1713 262 1745 sterum
283 1706 392 1746 diem
412 1714 599 1760 paratum
619 1720 704 1746 esse
724 1713 925 1745 armatum
954 1704 1179 1746 exercitum
1205 1705 1338 1758 jubet,
1367 1705 1553 1761 recogni-

109 1771 223 1804 turus
241 1772 280 1804 et
298 1778 515 1804 numerum
533 1763 728 1812 militurn,
759 1771 797 1803 et
820 1763 863 1803 in
884 1763 1006 1803 armis
1026 1763 1263 1804 industriam
1284 1763 1553 1818 singulorum.

110 1820 254 1876 Itaque
285 1822 382 1862 cum
409 1823 512 1863 inter
541 1830 705 1863 caeteros
724 1830 762 1862 et
780 1821 866 1874 ipse
888 1822 1123 1862 Artabanus
1143 1830 1318 1862 armatus
1337 1821 1553 1863 assisteret.

111 1878 207 1919 Rex
227 1879 404 1932 simulat,
435 1896 475 1922 se
498 1880 751 1921 ⁷brevi0rem
770 1879 941 1920 loricam
959 1880 1126 1920 habere:
1156 1879 1276 1934 jubet
1296 1880 1557 1920 Artabanum

110 1951 251 1978 secum
279 1947 556 1980 commutare:
590 1946 804 1978 exuentem
834 1952 875 1978 se
907 1953 951 1978 ac
981 1940 1176 1979 nudatum
1211 1937 1346 1993 gladio
1377 1936 1552 1990 trajicit3

113 2003 200 2035 tum
223 2007 261 2036 et
279 1996 382 2038 filios
401 1997 488 2050 ejus
511 1995 659 2050 corripi
678 1997 810 2050 jubet.
861 1997 1004 2050 Atque
1025 1996 1081 2036 ita
1101 1996 1288 2051 egregius
1307 1996 1556 2046 adolescens,

114 2063 152 2093 et
171 2055 324 2094 caedem
343 2055 482 2111 patris,
503 2064 541 2096 et
559 2070 699 2096 necem
720 2053 869 2107 fratris,
888 2064 926 2096 et
945 2069 986 2096 se
1007 2056 1056 2096 ab
1078 2054 1235 2096 insidiis
1249 2053 1451 2096 Artabani
1466 2053 1555 2094 vin-

113 2110 278 2153 dicavit.

744 2183 926 2216 NOTAE.

160 2261 188 2288 l.
207 2258 398 2301 Artabanum]
427 2258 593 2300 Hyrcanas
615 2259 668 2301 qui
690 2259 820 2290 Darium
851 2259 934 2301 poris
949 2258 1182 2290 Bactrianorum
1199 2259 1367 2291 Praefectus
1383 2258 1499 2295 aberat,
1519 2263 1556 2288 ut

116 2298 134 2331 i
148 2299 232 2332 bello
249 2301 368 2333 Graecis
381 2301 542 2333 inferendo
557 2303 759 2333 deterruerat.
852 2309 981 2333 testatur
996 2303 1104 2333 Herod.
1394 2298 1396 2303 ’

159 2346 188 2375 2.
202 2344 360 2385 Praefectus
373 2344 454 2387 ejus]
477 2344 603 2381 Persidi,
619 2345 694 2376 dum
706 2345 822 2376 abesset
894 2349 923 2377 6.
934 2344 1135 2387 Bacabasum.]
1150 2345 1200 2375 De
1210 2343 1363 2376 Bacabaso
1372 2343 1448 2375 nihil
1463 2341 1558 2374 habet

116 2386 248 2423 xerxes,
257 2386 434 2429 praefuerat,
444 2396 475 2418 et
483 2386 650 2418 satellitum
659 2387 741 2430 regis
749 2395 822 2419 tunc
853 2387 947 2419 Diod.
955 2387 1029 2418 dicit
1040 2387 1122 2418 enim
1134 2388 1234 2418 occiso
1243 2386 1341 2418 Dario
1349 2390 1558 2418 Artaxerxem

117 2427 260 2471 princeps
273 2437 352 2468 erat,
365 2443 400 2461 ex
416 2431 502 2462 Diod.
854 2430 890 2461 ab
902 2429 1066 2461 Artabano
1075 2430 1183 2463 stricto
1195 2429 1299 2471 gladio
1309 2430 1496 2471 appetitum,
1505 2427 1559 2458 sed

128 2491 132 2494 -
160 2475 189 2502 3.
214 2473 336 2514 Vesperi
362 2473 542 2516 ingr-editum]
585 2473 782 2504 Introductus
806 2471 823 2503 ὲ
854 2472 1050 2504 vulneratum
1058 2471 1179 2509 leviter,
1190 2472 1387 2504 Artabanum
1396 2470 1503 2503 lethali
1511 2471 1557 2501 in·

118 2513 320 2552 Mithridate,
329 2515 482 2546 Eunucho
491 2515 572 2557 regis
583 2514 783 2551 cubiculario,
792 2522 824 2546 et
852 2515 938 2546 flicto
951 2514 1079 2546 vulnere
1093 2515 1269 2557 peremisse.

119 2555 185 2597 ejus
200 2555 292 2589 affini.
334 2559 421 2588 Diod.
895 2560 924 2590 7.
940 2560 1108 2589 Breviorem
1129 2557 1268 2600 loricam]
1299 2558 1369 2589 Hoc
1385 2567 1445 2588 non
1461 2562 1506 2587 est
1520 2555 1560 2586 si·

161 2601 193 2629 4.
231 2600 433 2643 Trucidatdque
467 2600 565 2643 Rege]
609 2600 752 2632 AElianus
782 2599 825 2630 ait
855 2600 928 2631 mile
941 2611 1036 2632 vero:
1061 2599 1116 2642 qui
1133 2600 1214 2631 enim
1230 2600 1297 2631 fieri
1312 2607 1423 2642 potest,
1445 2606 1481 2629 ut
1495 2600 1559 2630 Ar-

121 2641 262 2672 Xerxem
277 2652 295 2672 a
308 2641 374 2674 filio
388 2650 482 2674 noctu
500 2643 690 2685 jugulatum.
855 2651 1002 2680 taxer-xes,
1019 2643 1072 2685 qui
1087 2653 1164 2685 puer
1178 2643 1195 2675 a
1214 2644 1229 2675 J
1233 2643 1333 2674 ustino
1348 2642 1472 2680 dicitur,
1488 2651 1560 2674 cum

164 2686 192 2715 5.
209 2685 301 2715 Unum
314 2685 455 2728 exfiliis]
469 2687 542 2717 Duo
556 2692 746 2729 supererant,
760 2691 827 2716 teste
854 2687 1018 2719 Artabano
1032 2685 1101 2718 viro
1115 2685 1244 2719 loricam
1257 2683 1435 2718 mutaverit.

124 2725 205 2758 Diod.
213 2728 402 2761 Artaxerxes
410 2735 441 2760 et
451 2728 633 2773 Hystaspes,
641 2728 695 2772 qui
706 2727 738 2759 id
747 2736 826 2761 tem-
