1903 3076
578 186 690 230 ΜΒ.
714 183 942 229 XXXIX.
977 180 1108 230 CAP.
1132 187 1169 230 1.
1717 194 1796 229 291

153 313 1583 339 ΜΞ

635 419 835 468 LIBER
869 419 1024 468 XXX
1035 421 1122 469 IX.

504 542 906 585 BREVIARIUM
938 540 1233 584 CAPITUM.

137 668 178 704 1.
206 658 438 712 Demetrius,
473 659 668 715 intetfi’cto
684 662 826 716 fratre
858 659 1064 712 Antiocho,
1101 661 1190 701 dum
1210 661 1419 716 AEgyptum
1447 664 1584 709 tentat,

249 717 405 775 Syriam
426 718 587 770 amittit,
607 729 641 759 et
660 721 810 760 tandem
831 730 982 760 cruento
988 719 1087 773 fato
1108 719 1274 760 tollitur.

137 786 178 821 2.
208 775 433 818 Alexander
451 793 494 816 ex
513 776 675 831 zgnobz'H
687 793 755 818 rex
759 779 917 832 factus,
937 779 1025 816 dum
1040 779 1251 833 fortunam
1266 790 1372 818 suam
1390 791 1462 816 non
1481 791 1587 817 reve·

249 845 375 875 renter
393 834 522 885 habet,
544 836 656 890 foede
669 837 776 893 perit
795 835 1056 891 zrztetfictus
1033 853 1071 881 ιι
1080 836 1230 891 Grypo,
1266 833 1336 890 qui
1360 844 1521 875 matrem
1545 843 1584 876 et

234 893 413 947 fratrem
433 893 649 948 exstinguzt.

137 957 178 992 3.
213 950 417 1008 Cleopatra
432 966 576 1005 regma,
595 963 732 1003 mater,
746 967 786 993 zn
803 954 971 1008 AEgypto
984 950 1239 1006 gravzssimas
1251 951 1386 992 turbas
1402 949 1587 1003 concitat,

249 1011 345 1050 unde
363 1010 559 1051 horreudae
577 1011 734 1052 lamense
749 1027 793 1050 ex
811 1010 1006 1050 mulierum
1023 1011 1098 1060 ι’νᾶ,
1118 1025 1280 1065 quarum
1313 1008 1488 1050 interitus
1519 1010 1585 1050 de-

247 1067 447 1109 scribitur.

135 1131 177 1167 4.
207 1125 428 1166 Peculzares
448 1127 667 1180 tragoediae,
688 1142 781 1182 quas
806 1126 1010 1182 Cleopatra
1032 1126 1130 1168 inter
1148 1141 1230 1166 suos
1251 1122 1410 1168 excitat.
1475 1126 1583 1167 Tan-

251 1185 332 1224 dem
352 1184 423 1225 illa
444 1201 469 1226 α
455 1183 579 1238 filio
600 1186 825 1226 Alexandro
839 1195 1025 1241 occupata
1049 1184 1294 1238 i‘nterficztur.

138 1248 180 1285 5.
211 1242 649 1284 Alexanderinelezum
661 1254 806 1298 agunt,
818 1254 993 1284 revocato
1013 1244 1235 1284 Ptolemaeo
1235 1242 1370 1283 x'otho.
1402 1241 1587 1284 Romanis

248 1300 305 1341 ad
318 1300 535 1342 Orzemalza
549 1317 572 1341 r
572 1323 583 1341 ι
580 1318 666 1356 gna
680 1301 978 1354 excurrentibus,
999 1303 1077 1359 Syr
1078 1301 1118 1342 ia
1132 1311 1167 1342 et
1180 1303 1371 1358 AEgyptus
1385 1310 1567 1342 vexatur.

732 1417 933 1461 CAPUT
965 1417 1002 1458 Ι.

262 1531 584 1576 NTIOCHO
628 1534 672 1574 in
711 1533 875 1575 Parthia
916 1548 1012 1575 cum
1051 1531 1234 1574 exercitu
1275 1533 1423 1583 deleto,
1465 1534 1589 1574 frater
1602 1562 1763 1595 Deum

150 1559 188 1634 l
311 1593 399 1647 ejus
431 1592 683 1643 Demetrius,
705 1592 915 1633 obsidione
936 1592 1178 1633 Parthorum
1197 1591 1406 1643 liberatus,
1437 1607 1483 1633 ac
1502 1607 1583 1632 res·
1599 1608 1701 1636 amisso
1715 1617 1801 1648 regno

137 1653 279 1696 titutus
296 1650 339 1693 in
358 1666 545 1707 regnum,
576 1665 670 1690 cum
702 1650 833 1692 omnis
864 1649 1014 1705 Syria
1004 1665 1046 1690 m
1066 1651 1177 1690 luctu
1207 1659 1370 1704 propter
1390 1650 1585 1691 amissum
1598 1660 1649 1679 ’ω’
1654 1649 1699 1679 “2
1704 1650 1806 1721 pegu‘t.

135 1711 363 1752 exercitum
383 1719 499 1760 esset,
527 1708 644 1765 quasi
667 1709 856 1751 Parthica
886 1709 1017 1762 ipsius
1047 1722 1092 1748 ac
1121 1707 1255 1748 fratris
1285 1709 1407 1760 bella,
1439 1708 1588 1765 quibus
1602 1692 1765 1765 nglgcJ
1767 1695 1801 1763 3

138 1771 240 1810 alter
260 1777 419 1822 captus,
439 1768 538 1808 alter
556 1766 711 1809 occisus
732 1778 829 1817 erat,
850 1766 1043 1820 prospere
1063 1766 1288 1818 cessissent,
1319 1766 1376 1807 ita
1395 1741 1588 1823 ’.lEgypm
1603 1775 1719 1808 Urbmc
1729 1779 1801 1807 623.

137 1829 294 1869 bellum
325 1827 474 1867 inferre
516 1825 676 1866 statuit:
728 1840 901 1881 regnum
942 1823 1122 1879 AEgypti
1170 1825 1419 1878 ¹Cleopatra
1455 1840 1588 1877 socru,
1602 1820 1798 1852 Amssffs

137 1886 315 1940 pretium
365 1883 511 1925 auxilii
557 1884 751 1924 adversfis
795 1884 961 1924 fratrem
1008 1897 1143 1933 suum,
1192 1883 1426 1936 pollicente.
1509 1884 1589 1925 Sed

137 1946 235 1985 dum
268 1943 399 1984 aliena
430 1941 601 1992 affectat,
629 1951 676 1983 ut
713 1943 857 1982 assolet
890 1940 991 1991 fieri,
1022 1939 1187 2005 propria
1216 1955 1288 1994 per
1317 1941 1589 1983 defectionem

126 2002 269 2057 'Syriae
287 2000 439 2042 amisit.
500 1999 712 2054 Siquidem
725 1998 1023 2041 Antiochenses
1039 1998 1177 2053 primi,
1199 2001 1213 2020 ²
1227 2000 1328 2039 duce
1345 1999 1589 2056 Tryphone,

138 2068 392 2101 exsecrantes
441 2057 679 2110 superbiam
728 2058 851 2113 regis,
899 2073 1006 2113 quae,
1053 2055 1354 2098 conversatione
1388 2058 1589 2107 Partlucae

138 2117 401 2166 crudelitatis,
423 2115 690 2157 intolerabilis
709 2118 815 2156 facta
845 2125 945 2167 erat,
964 2130 1062 2156 mox
1094 2114 1335 2168 Apamenii‚
1353 2125 1588 2172 caeteraeque

140 2176 323 2217 civitates
345 2175 582 2227 exemplum
601 2185 801 2229 sequutae,
830 2189 903 2228 per
933 2172 1158 2214 absentiam
1176 2172 1287 2227 regis
1316 2187 1339 2212 a
1371 2174 1589 2215 Demetrio

138 2234 340 2274 defecere.
398 2232 641 2273 Ptolemaeus
681 2247 844 2287 quoque
882 2246 956 2272 rex
996 2231 1193 2286 AEgypti.,
1221 2231 1332 2270 bello
1363 2233 1414 2272 ab
1444 2235 1589 2273 eodem

137 2294 304 2347 petitus,
339 2305 433 2331 cum
474 2291 728 2344 cognovisset
765 2290 1030 2343 Cleopatram
1070 2303 1249 2329 sororem
1280 2304 1410 2339 suam,
1440 2290 1590 2344 opibus

140 2350 321 2407 AEgypti
349 2347 522 2390 navibus
541 2348 759 2402 impositis,
798 2351 847 2389 ad
867 2347 994 2388 filiam
1029 2355 1070 2388 et
1099 2345 1362 2388 Demetrium
1392 2363 1588 2404 generum

761 2463 943 2495 NOTAE.

187 2522 213 2551 1.
227 2519 288 2550 Cleo
308 2518 376 2550 atrei
391 2517 492 2560 sverm]
515 2516 681 2559 Cleopatra
691 2527 768 2548 uxor
779 2519 840 2548 De·
924 2521 954 2547 2.
976 2518 1056 2548 Duco
1073 2517 1127 2549 T
1100 2531 1115 2548 r
1113 2516 1246 2567 Jphone]
1288 2516 1361 2551 Non
1377 2518 1439 2556 ille,
1461 2519 1501 2551 de
1525 2529 1590 2569 quo

144 2561 260 2598 metrii.
265 2563 291 2593 P
316 2561 487 2593 ilometoris
501 2559 563 2591 filia
578 2559 653 2592 fuit.
678 2559 844 2601 Cleopatra
882 2559 1041 2602 Scriptura
1054 2560 1207 2598 meminit,
1233 2561 1286 2602 qui
1310 2572 1360 2593 sex
1375 2561 1487 2594 abhinc
1503 2573 1591 2594 annm

142 2604 219 2636 verb
234 2605 398 2646 AEgyptia,
409 2614 494 2634 soror
505 2603 642 2643 ejusdem
655 2601 845 2633 Philometo-
881 2603 945 2644 jam
961 2602 1100 2634 obierat.
1125 2602 1175 2633 vel
1189 2603 1374 2645 Tryphonis
1388 2612 1419 2635 et
1434 2607 1590 2636 Demetrii

143 2648 194 2682 ris
217 2646 386 2687 eademque
408 2656 486 2678 uxor
501 2656 569 2687 quae
585 2644 644 2675 hoe
658 2645 752 2676 etiam
767 2652 846 2676 tem-
885 2653 947 2675 tem
952 2655 1038 2685 pora,
1062 2645 1146 2688 quod
1162 2646 1263 2678 verius
1276 2655 1398 2688 putem,
1428 2647 1590 2680 confundi·

143 2699 217 2732 pore
232 2699 310 2721 uxor
324 2698 390 2721 erat
405 2697 436 2722 et
450 2698 536 2720 soror
552 2688 721 2729 Euergetis.
887 2687 1030 2720 sustinuz.

1276 2741 1347 2772 UO
