1903 3076
639 173 752 214 LIB.
775 170 863 213 XI.
893 172 1024 215 CAP.
1046 173 1131 216 IX.

149 257 333 301 culosius
361 254 521 299 differre
539 253 697 294 bellum
718 261 843 302 ratus,
875 268 924 294 ne
955 254 1181 321 desperatio
1213 263 1494 308 succresceret,
1524 257 1604 298 cir-

148 325 385 359 cumvectus
405 328 514 363 suos,
535 311 714 368 singulas
734 320 877 367 gentes
895 311 1056 353 diversa
1077 312 1258 355 oratione
1274 314 1523 369 alloquitur:
1548 316 1606 356 ll..

148 376 278 433 lyrios
297 383 337 416 et
353 371 535 413 Thracas
554 385 680 424 opum
701 386 748 411 ac
767 370 1006 412 divitiarum
1027 372 1313 413 ostentatione:
1342 372 1514 415 Graecos
1533 389 1607 414 ve-

148 445 281 476 terum
300 432 505 473 bellorum
525 429 740 481 memoria,
758 428 1080 486 internecivique
1093 445 1188 470 cum
1207 431 1341 472 Persis
1359 433 1442 472 odii
1463 447 1605 487 accen-

148 493 296 535 debat:
330 489 579 530 Macedones
611 498 747 529 autem
775 503 884 528 nunc
914 489 1095 542 Europae
1114 489 1236 530 victae
1271 492 1475 542 admonet,
1495 505 1606 532 nunc

147 549 265 592 Asiae
279 549 491 602 expetitae:
510 561 618 588 nunc
635 547 823 588 inventas
840 546 923 587 illis
938 555 1022 588 toto
1035 549 1132 588 orbe
1145 562 1260 600 pares
1275 547 1382 589 vires
1393 550 1604 604 gloriatur.

149 608 359 649 Caeterum
375 618 415 647 et
430 607 634 650 laborum
640 606 763 655 finem
779 608 906 669 hunc,
920 614 959 645 et
976 606 1118 661 gloriae
1131 606 1345 647 cumulum
1359 607 1463 647 fore,
1529 610 1609 648 At-

147 682 231 723 que
251 665 356 706 inter
375 667 463 706 haec
483 664 705 706 identidem
726 663 942 704 consistere
973 663 1103 704 aciem
1130 665 1300 718 jubet,a
1318 674 1363 705 ut
1382 665 1459 706 hfic
1490 680 1607 706 mora

149 733 415 767 consuescant
430 722 559 764 oculis
578 724 740 763 turbam
760 721 942 763 hostium
961 722 1174 764 sustinere.
1206 723 1252 763 N
1256 738 1301 764 ec
1325 724 1448 764 Darii
1472 724 1608 778 segnis

147 798 274 839 opera
291 782 335 823 in
357 781 578 823 ordinanda
597 780 684 822 acie
704 780 852 822 defuit.
913 781 1080 836 Quippe
1096 781 1258 822 omissis
1277 783 1429 823 ducum
1451 781 1610 834 officiis,

145 843 237 896 ipse
258 841 396 883 omnia
415 839 645 889 circumire,
665 839 850 896 singulos
871 840 1037 890 hortari,
1059 840 1207 881 veteris
1227 840 1369 893 gloriae
1390 842 1610 885 Persarum

146 899 400 954 imperiique
412 907 621 952 perpetuae
634 914 657 938 a
669 897 749 939 diis
761 897 1065 939 immortalibus
1078 900 1179 939 datae
1193 899 1456 964 possessionis
1470 902 1611 940 admo-

148 973 260 999 nere.
310 958 407 999 Post
426 958 511 998 haec
531 957 720 1010 praelium
739 956 976 1013 ingentibus
990 956 1167 997 animis
1159 957 1455 998 ‘commitituin
1495 957 1543 998 In
1559 973 1609 998 eo

146 1025 321 1073 uterque
333 1031 406 1056 rex
414 1016 681 1057 Uvulneratur
701 1015 884 1055 Tamdiu
896 1025 1100 1056 certamen
1115 1030 1262 1068 anceps
1275 1015 1370 1068 fuit,
1384 1018 1533 1071 3quoad
1546 1017 1612 1057 fu-

148 1083 264 1131 geret
276 1074 446 1115 Darius.
478 1073 641 1114 Exinde
649 1076 777 1115 caedes
789 1073 1004 1114 Persarum
1017 1082 1153 1114 secuta
1163 1085 1236 1114 est.
1262 1073 1380 1114 Caesa
1391 1083 1481 1114 sunt
1495 1075 1611 1127 pedi-

147 1137 267 1174 tum⁴
277 1147 404 1173 unum
417 1143 455 1171 et
468 1132 683 1186 sexaginta
696 1131 842 1182 millia,
855 1132 1044 1187 equitum
1057 1134 1197 1173 decem
1212 1130 1362 1173 millia:
1378 1141 1498 1185 capta
1510 1148 1612 1187 qua-

146 1189 334 1256 draginta
361 1190 510 1230 millia.
570 1191 585 1216 ⁵
602 1190 669 1232 Ex
701 1191 1000 1231 Macedonibus
1030 1191 1212 1232 cecidere
1243 1193 1449 1256 pedestres
1479 1204 1610 1239 cxxx,

146 1250 306 1305 equites
329 1262 397 1290 ct..
458 1248 505 1288 In
528 1247 671 1289 castris
690 1248 909 1289 Persarum
939 1251 955 1276 ⁶
970 1251 1149 1290 multum
1170 1250 1258 1290 auri
1287 1249 1612 1305 caeterarumque

146 1323 275 1362 opum
294 1308 524 1348 inventum.
566 1306 677 1348 Inter
692 1306 875 1360 captivos
890 1316 1134 1358 castrorum,
1155 1316 1301 1358 mater,
1316 1320 1353 1347 et
1370 1323 1491 1358 uxor,
1511 1310 1524 1332 ⁷
1542 1323 1611 1347 ea-

147 1369 323 1422 demque
337 1381 464 1416 soror,
481 1373 521 1406 et
536 1364 632 1406 filiae
648 1367 738 1406 duae
756 1365 880 1406 Darii
899 1366 1033 1406 fuere.
1064 1370 1080 1393 ⁸
1096 1368 1166 1406 Ad
1182 1381 1283 1421 quas
1305 1366 1491 1407 visendas
1515 1369 1611 1406 hor-

147 1423 372 1480 tandasque
387 1439 485 1464 cum
508 1425 747 1465 Alexander
767 1424 957 1475 venisset,
975 1425 1203 1478 conspectis
1233 1439 1359 1464 nfirma
1364 1426 1413 1476 is,
1431 1423 1613 1464 invicem

149 1499 191 1525 se
213 1485 431 1538 amplexae,
451 1483 567 1523 velut
585 1483 722 1524 statim
743 1482 969 1535 moriturae,
985 1483 1358 1536 complorationem
1378 1482 1610 1524 ediderunt.

689 1598 1078 1630 INTERPRETATIO.

250 1679 266 1700 ²
287 1681 326 1712 Ut
341 1686 499 1712 umescant
510 1678 564 1711 Mc
577 1679 658 1710 morti
672 1682 840 1723 conspicere,
854 1681 920 1711 sine
929 1687 1031 1720 metu,
1043 1687 1153 1712 tantam
1167 1681 1286 1712 hostium
1298 1682 1512 1713 multitudinem.

796 1763 838 1793 N
844 1763 868 1793 O
878 1763 966 1794 TAE.

197 1839 224 1868 1.
245 1836 434 1869 Cmmieitur.
438 1837 451 1880 ]
489 1838 558 1869 Jarn
574 1838 735 1870 Montium
750 1848 863 1880 angus-
897 1838 958 1869 tria
973 1837 1071 1869 millia
1083 1837 1297 1870 talentorum
1289 1849 1320 1869 in
1331 1838 1437 1870 castris
1452 1839 1523 1869 fuiss
1526 1850 1542 1870 e
1561 1850 1610 1871 re-

154 1878 221 1916 tias
231 1880 331 1910 Persis
341 1881 483 1922 expulsis,
496 1892 550 1922 per
563 1881 703 1912 Parmen'
686 1892 800 1912 iorum
813 1892 864 1912 oc·
899 1888 1006 1923 perta:
1025 1882 1138 1912 Darius
1153 1881 1237 1913 enim
1253 1892 1327 1924 opes
1339 1892 1406 1912 suas
1421 1884 1611 1913 Damascum

154 1921 283 1964 cupii-at
295 1922 483 1958 Alexander.
497 1932 528 1954 ct
539 1924 650 1955 urbem
668 1926 707 1954 iss
709 1935 762 1954 um
772 1934 863 1965 cepe·
901 1925 1103 1966 praemiserat.

154 1972 203 1996 ra..
212 1965 276 2002 3ad
289 1975 383 2007 quam
399 1966 541 2008 praelium
557 1967 755 1997 commissum
773 1977 828 1997 est.
942 1970 971 1999 7.
986 1968 1146 2009 Eademque
1156 1967 1259 2010 soron]
1276 1968 1416 1998 Uxorem
1430 1975 1460 1998 et
1471 1978 1612 1999 sororem

197 1989 227 2038 2,.
243 2009 274 2037 V
274 2012 432 2039 ulneratur
437 2009 450 2051 ]
466 2012 549 2039 Acre
564 2009 693 2051 quidem
703 2017 862 2041 certamen

153 2049 236 2082 fuit
228 2059 310 2081 mter
324 2061 436 2093 agmen
458 2052 547 2083 Darii
562 2061 594 2083 et
609 2051 793 2088 Alexandri,
808 2054 860 2083 sed

153 2093 195 2123 de
219 2104 331 2135 regum
358 2093 538 2126 vulneribus
559 2105 621 2126 non
651 2105 735 2127 mem
739 2095 863 2127 inerunt

156 2135 218 2166 alii.

206 2179 352 2218 {Qwoad
367 2181 481 2219 fugeret
503 2179 643 2222 Darius]
697 2181 771 2222 Qui,
793 2192 862 2212 cum

154 2196 337 2252 fortissimos
346 2223 486 2263 quosque
497 2223 576 2254 circa
588 2233 618 2253 se
631 2223 748 2254 oocisos
758 2234 865 2254 cerne-

156 2271 216 2301 ret,
227 2274 321 2305 equos
325 2275 384 2305 que
399 2276 462 2296 suae
476 2265 636 2307 quadrigae
652 2266 759 2296 multis
773 2266 865 2297 affec-

157 2315 206 2337 tos
221 2306 412 2343 vulneribus,
424 2307 455 2338 in
471 2308 605 2339 alterum
620 2309 786 2340 translatus
797 2320 866 2340 cur-

157 2360 242 2388 rum,
256 2348 364 2389 fugam
379 2350 518 2392 arripuit.

200 2396 231 2422 4.
258 2393 350 2423 Unum
371 2400 398 2423 ee
419 2407 447 2423 se
434 2397 565 2441 ικιὲίηιιι
589 2393 702 2436 millia]
738 2395 779 2424 Di
783 2395 868 2426 odor.

157 2435 299 2482 peditum
320 2439 464 2474 12o‚ooo‚
487 2437 557 2477 equi
551 2445 627 2467 tum
647 2440 686 2467 10
689 2441 780 2473 000
808 2440 869 2468 .-².r

157 2487 234 2509 nan.
243 2478 320 2509 vei-‹¹›
332 2460 474 2520 peditum
487 2483 592 2510 §0000
595 2480 753 2520 ‚equitum
768 2484 869 2511 10000

156 2528 305 2552 recenset.

200 2567 232 2595 5·
248 2564 298 2594 Ex
315 2565 412 2595 Alaea
414 2564 545 2612 Ionibus]
575 2550 695 2595 Melius
709 2568 772 2596 300
782 2565 868 2607 pedi·

160 2611 218 2642 tes,
228 2613 261 2637 et
278 2610 340 2638 150
351 2607 471 2648 equites
486 2618 612 2645 occisos,
624 2616 768 2638 numerat
791 2608 868 2639 Dio.

160 2647 227 2679 dor.
238 2648 278 2680 ad
287 2659 384 2690 quem
399 2659 566 2681 numerum
577 2650 727 2681 accedunt
741 2651 871 2682 Curtius

161 2698 194 2721 et
209 2691 334 2721 Ari-ian.

475 2734 487 2751 Ἰ

205 2738 234 2762 6.
252 2735 385 2765 Asellum
398 2737 487 2778 auri„-
534 2737 638 2778 N.·gat
655 2735 871 2768 Atticm-ultra

899 2010 988 2040 Darii
999 2020 1061 2040 non
1073 2009 1218 2047 eandem,
1227 2012 1281 2041 sed
1293 2011 1428 2041 diversas
1436 2010 1527 2042 fuisse
1537 2010 1612 2041 scri-

899 2052 945 2083 bit
962 2054 1091 2083 Arrian.

943 2099 972 2127 8.
987 2097 1040 2126 Ad
1049 2107 1121 2138 quas
1136 2097 1274 2126 visendas.
1279 2095 1291 2138 ]
1334 2097 1511 2127 Leonidem
1525 2096 1614 2144 prius

901 2149 998 2169 unum
1010 2149 1047 2169 ex
1061 2137 1166 2169 aulicis
1180 2139 1238 2168 mi
1233 2147 1323 2176 ·;erat
1338 2140 1390 2180 qui
1407 2140 1519 2170 timon
1515 2150 1554 2169 ιιι
1567 2139 1611 2170 eis

900 2183 1066 2212 eximeret:
1081 2182 1144 2223 ipse
1155 2182 1230 2212 vero
1240 2163 1333 2223 pauli>
1341 2183 1422 2223 post,
1428 2192 1499 2212 cum
1509 2182 1611 2212 venis—

901 2232 956 2260 set,
982 2224 1117 2257 δειιίοιιὲ
1132 2235 1182 2254 eas
1197 2224 1380 2261 habu113et
1397 2225 1485 2256 Darii
1509 2225 1611 2255 filium

901 2277 1066 2298 sexennem
1092 2267 1257 2308 complexu
1279 2276 1311 2298 et
1333 2268 1445 2298 osculis
1466 2267 1548 2309 digis
1544 2276 1612 2298 atus

902 2317 958 2341 cst.
979 2311 1066 2341 Dum
1075 2309 1327 2340 tabernaculum
1320 2319 1414 2342 intrat
1423 2309 1615 2347 Alexander,

902 2363 963 2383 una
974 2363 1045 2383 cum
1055 2353 1107 2383 He
1101 2352 1291 2393 thaestione
1296 2353 1378 2384 hunc
1388 2363 1505 2392 reginas
1512 2352 1611 2383 Alex

903 2395 1035 2426 andrum
1051 2406 1115 2426 esse
1137 2403 1225 2432 r,atae
1247 2396 1332 2437 quod
1347 2395 1391 2427 illi
1406 2406 1438 2427 et
1453 2407 1510 2437 par
1532 2403 1610 2427 esset

905 2445 1009 2476 Nerate
1022 2445 1054 2469 et
1069 2447 1231 2479 praestaret
1254 2439 1392 2480 corporis
1413 2439 1532 2474 habitu,
1555 2449 1611 2468 suo

905 2490 992 2511 more
1004 2489 1158 2511 veneratae
1171 2489 1260 2519 sunm
1275 2481 1346 2512 inde
1356 2482 1486 2524 captivis
1500 2482 1610 2522 spado·

904 2523 1004 2559 nibus,
1020 2523 1088 2564 quis
1106 2523 1283 2555 Alexander
1298 2534 1386 2561 esset,
1408 2535 1498 2554 mons
1500 2532 1611 2555 tri-ant

905 2565 961 2596 bus
964 2567 1047 2606 ‚Sisy
1049 2566 1172 2607 gambis
1179 2566 1366 2598 advolutaes
1369 2576 1380 2597 t
1393 2566 1524 2617 pedibus
1535 2566 1612 2607 ejus,

904 2607 1132 2649 ignorationem
1154 2619 1314 2651 nunquam
1339 2618 1429 2641 antea
1453 2610 1508 2640 visi
1531 2609 1613 2650 regis

904 2660 1064 2700 excusans,
1084 2662 1178 2699 quam
1195 2662 1291 2683 manu
1314 2652 1449 2684 allevans
1464 2663 1518 2683 rex
1542 2654 1613 2683 Non

903 2697 1021 2729 errasti.
1037 2694 1149 2735 inquit,
1159 2703 1263 2736 mqter,
1274 2708 1338 2727 nam
1350 2701 1375 2726 el
1390 2696 1437 2730 hic
1446 2698 1614 2728 Alexander

905 2743 953 2769 est.
998 2736 1043 2768 {tii
1061 2737 1197 2769 Curtius.

1739 188 1819 223 103
