1903 3076
122 218 205 257 :512

107 1225 150 1257 A.
161 1226 304 1258 MAoa4.

109 1268 159 1299 Ol.
186 1274 249 1301 190.

108 1311 302 1346 Urb.C.7:3:3.

107 1355 235 1388 Anac.
257 1358 301 1385 18.

930 208 1169 267 Jusrmr

335 292 509 349 Scythas
527 292 715 347 precibus
736 293 956 350 fatigasset,
988 296 1229 350 Scytharum
1249 292 1430 336 maximo
1450 293 1604 335 auxilio
1619 292 1662 335 in
1682 308 1773 352 reg-v

330 366 430 393 num
452 351 688 392 restituitur.
745 354 838 394 Hoc
859 355 1037 404 absente,
1065 367 1204 407 regem
1234 353 1373 395 Parthi
1397 351 1624 393 Tiridatem
1643 367 1771 407 quen-

329 411 426 452 dam
447 410 753 457 constituerant;
775 411 864 465 qui,
885 411 1025 451 audito
1038 411 1213 451 adventu
1232 412 1493 467 Scytharum,
1513 426 1604 451 cum
1621 410 1770 465 magnii

329 465 556 508 amicorum
569 483 694 508 manu
707 471 757 508 ad
768 470 986 518 Caesarem,
1006 474 1020 492 ²
1030 468 1070 507 in
1083 468 1325 521 Hispaniam
1338 469 1491 509 bellum
1507 480 1599 508 tunc
1608 476 1770 522 tempo..

327 524 385 564 ris
403 535 626 580 gerentem,
647 525 843 580 profugit,
865 527 1049 567 obsidem
1073 525 1223 567 Caesari
1240 525 1459 566 minimum
1472 526 1605 567 filium
1619 526 1770 569 Phraa-

328 581 382 623 tis
394 584 541 634 ferens,
560 599 685 638 quem
699 584 973 639 negligentius
990 583 1236 625 custoditum
1252 592 1453 636 rapuerat.
1475 585 1569 639 Quo
1591 583 1770 638 cognito,

326 639 518 682 Phraates
540 643 697 694 legatos
711 642 843 682 statim
864 644 914 682 ad
933 643 1135 683 Caesarem
1157 642 1351 692 admittit,
1369 657 1515 681 servum
1534 657 1638 682 snum
1659 641 1770 682 Tiri-

324 699 451 740 darem
469 694 658 752 etfiliitm,
680 699 826 740 remitti
840 700 917 740 sibi
924 702 1112 756 postulat.
1147 700 1284 741 Caesar
1303 708 1344 741 et
1360 700 1563 754 legatione
1583 698 1771 741 Phraatis

325 757 477 804 audita,
510 768 549 797 et
574 757 770 798 Tiridatis
794 758 1011 811 postulatis
1030 757 1201 813 cognitis
1224 759 1341 814 (nam
1371 767 1409 797 et
1438 757 1517 809 ipsi
1538 757 1694 799 restitui
1722 757 1768 798 in

320 828 491 869 regnum
506 814 776 864 desiderabat,
785 815 900 870 “juris
909 817 1165 858 Romanorum
1159 815 1560 871 ficturamPartlziam
1567 814 1766 856 affirmans

320 872 359 911 si
370 876 445 926 ejus
465 888 617 927 regnum
637 872 798 913 muneris
817 874 1118 929 eorumficz'sset)
1140 889 1250 930 neque
1275 873 1486 915 Tiridatem
1504 872 1715 914 dediturum
1730 888 1768 914 se

320 930 485 971 Pal-this
505 931 621 976 dixit,
652 947 762 986 neque
791 933 975 972 adversas
1006 935 1176 974 Parthos
1216 932 1390 973 Tiridati
1404 931 1553 973 auxilia
1571 932 1767 984 daturum,

319 987 367 1027 N
371 1006 389 1027 υ
407 998 539 1029 tamen
555 1004 627 1042 per
640 989 777 1029 omnia
791 989 898 1029 nihil
914 991 938 1030 a
956 990 1117 1033 Caesare
1146 991 1355 1032 obtentum
1370 989 1591 1040 videretur,
1614 990 1766 1031 Phraa-

319 1045 349 1085 ti
371 1044 501 1086 filium
521 1046 606 1088 sine
635 1046 766 1100 pretio
796 1047 979 1097 remisit3
1010 1059 1049 1089 et
1079 1048 1268 1100 Tiridati,
1298 1050 1432 1103 quoad
1460 1056 1622 1089 manere
1653 1048 1762 1101 apud

319 1102 530 1147 Romanos
544 1106 681 1156 vellet,
703 1106 941 1158 opulentum
963 1115 1173 1160 sumptum
1194 1105 1365 1161 praeberi
1381 1106 1515 1159 jussit.
1558 1107 1656 1147 Post
1675 1108 1764 1146 haec

317 1166 333 1188 ’ψ’
346 1161 458 1205 finito
491 1163 750 1216 Hispaniensi
785 1165 911 1214 bello,
947 1165 1044 1206 curn
1077 1164 1118 1205 in
1155 1165 1317 1220 Syriam
1352 1167 1402 1206 ad
1435 1165 1762 1218 componendum

319 1219 497 1260 Orientis
519 1229 665 1262 statum
686 1221 878 1271 venisset,
916 1237 1111 1279 magnum
1132 1232 1289 1264 metum
1309 1222 1471 1264 Phraati
1500 1221 1681 1272 incussit,
1711 1236 1762 1262 ne

283 1275 301 1298 ³·
316 1279 469 1318 bellum
493 1279 665 1320 Parthiae
687 1280 812 1321 vellet
829 1280 991 1321 inferre.
1051 1281 1195 1336 Itaque
1215 1281 1298 1323 tota
1319 1280 1484 1322 Parthia
1512 1279 1691 1334 ³captivi
1709 1294 1762 1321 ex

318 1335 531 1377 Crassiano
553 1337 637 1377 sive
661 1337 832 1378 Antonii
848 1338 1027 1379 exercitu
1039 1339 1258 1391 recollecti,
1279 1338 1473 1394 signaque
1493 1353 1585 1379 cum
1599 1338 1662 1380 his
1679 1337 1760 1378 mi-

312 1393 443 1433 litaria
463 1396 659 1450 Augusto
676 1394 853 1436 remissa.
889 1398 968 1437 Sed
982 1406 1020 1436 et
1034 1396 1124 1437 ⁴filii
1139 1397 1383 1452 nepotesque
1401 1397 1582 1437 Phraatis
1597 1396 1757 1437 obsides

313 1454 504 1506 Augusto
535 1452 645 1493 dati:
679 1452 853 1508 plusque
886 1454 1024 1495 Caesar
1051 1455 1327 1510 magnitudine
1357 1454 1535 1499 nominis
1554 1454 1617 1497 sui
1644 1453 1759 1508 fecit,

311 1509 437 1564 quam
458 1510 579 1551 armis
601 1510 704 1555 alius
724 1510 944 1564 imperator
963 1512 1096 1553 facere
1112 1512 1325 1567 potuisset.

847 1634 1230 1675 INTERPRETATIO.

331 1707 347 1729 ³
365 1709 469 1740 Dicens
485 1711 643 1742 Parthiam
654 1711 789 1743 Romanis
798 1713 892 1755 aliquo
901 1715 976 1753 modo
988 1713 1225 1756 suffectamfore,
1233 1713 1260 1744 si
1267 1713 1358 1757 ipsum
1373 1713 1556 1745 restituissent
1571 1714 1600 1744 ίη
1612 1725 1733 1758 regnum,

951 1826 1120 1858 NOTAE.

352 1898 379 1925 1.
399 1896 438 1925 In
451 1896 627 1937 Hispaniam
638 1897 767 1940 bellum.]
788 1898 939 1940 Hispania
948 1899 1014 1931 fere
1045 1897 1197 1930 conficere
1212 1898 1340 1932 solebat.
1384 1901 1562 1933 Cassiodorus
1579 1901 1706 1944 Oros1'us,
1723 1909 1750 1934 et

306 1942 375 1967 tota
391 1937 541 1968 Romanis
553 1938 692 1980 parebat,
718 1948 832 1982 praeter
844 1942 1015 1973 Cantabros
1044 1944 1154 1974 Florus.

306 1984 340 2010 et
351 1981 495 2013 Astures,
520 1982 573 2021 qui
598 1981 690 2012 etiam
708 1989 776 2013 tum
800 1983 919 2015 domari
941 1985 1013 2015 essm
1086 1989 1117 2015 3.
1145 1986 1266 2027 Captivi
1286 1998 1321 2016 ex
1344 1987 1520 2030 Granium]
1562 1987 1625 2029 Qui
1644 1987 1695 2019 vel
1716 1987 1747 2020 in

305 2030 370 2051 non
391 2022 574 2063 potuissent,
599 2026 702 2055 Caesar
724 2026 788 2067 ipse
804 2025 843 2057 εὸ
856 2025 1014 2069 profectus
1046 2026 1171 2058 Parthia
1187 2038 1251 2069 prae
1266 2028 1387 2069 pudore
1405 2039 1577 2067 remanere,
1598 2029 1648 2062 vet
1662 2040 1747 2062 mor-

305 2070 361 2094 est.
1045 2077 1109 2100 tem
1125 2070 1182 2101 sibi
1197 2069 1322 2109 inferre,
1335 2072 1429 2116 quam
1443 2072 1544 2103 redire
1556 2073 1586 2103 in
1601 2072 1747 2116 patriam,

348 2109 379 2136 2η
397 2108 492 2138 Finito
509 2108 700 2149 Hispaniensi
713 2108 804 2151 bella]
820 2110 922 2143 Annis
936 2111 1012 2143 duo·
1044 2111 1227 2144 maluerant.

305 2146 374 2184 bus,
387 2159 520 2190 quorum
532 2151 634 2191 primo
646 2151 829 2191 Cantabros,
843 2153 940 2185 altero
952 2157 1012 2185 As·
1085 2159 1116 2186 4.
1141 2156 1214 2186 Filii
1234 2154 1418 2200 nepote'sque.]
1449 2156 1610 2195 Phraates,
1636 2164 1748 2190 vocato

306 2196 391 2220 tures
406 2192 529 2232 penitus
544 2192 670 2233 devicit,
685 2205 747 2225 non
760 2201 826 2226 tam
840 2195 904 2233 sui,
918 2196 1012 2237 quam
1043 2196 1074 2227 in
1093 2196 1283 2240 colloquium
1298 2199 1400 2239 Titio,
1413 2199 1467 2241 qui
1482 2207 1550 2231 tum
1561 2200 1656 2241 Syriae
1666 2211 1746 2243 pras·

305 2230 493 2280 legatorum,
517 2236 683 2277 Agrippae,
701 2237 830 2269 Antistii
853 2245 884 2269 et
907 2239 1011 2270 Furvii
1043 2249 1121 2277 erat,
1143 2247 1276 2281 quatuor
1298 2240 1377 2273 filios
1399 2242 1554 2284 legitimos
1567 2244 1595 2274 ei
1616 2243 1745 2275 tradidit

304 2272 505 2313 fortitudine:
540 2288 590 2308 res
619 2279 713 2315 enim,
739 2280 816 2310 sicut
841 2281 1011 2320 Antonius,
1043 2281 1174 2316 obsides.
1216 2285 1268 2316 lta
1283 2285 1384 2318 Florus
1398 2292 1424 2318 et
1438 2285 1549 2318 Strabo.

305 2325 363 2359 per
387 2316 507 2360 legatos
527 2319 645 2354 felicii1s
659 2321 757 2365 quam
779 2332 835 2365 per
856 2333 887 2354 se
908 2323 1011 2365 ipsum
