1903 3076
526 153 638 195 LIB.
670 151 901 194 XXXIX.
949 151 1081 193 CAP.
1115 151 1200 192 IV.
1715 157 1794 193 295

133 235 212 278 bus
226 233 434 291 sanguinis
451 234 591 288 adjicit
605 232 930 287 superstitionem
950 233 1110 287 templi,
1131 233 1212 288 quo
1229 231 1366 274 abdita
1385 232 1580 297 profuge-

131 293 201 344 rit,
219 297 398 349 tanto'que
414 292 626 347 relzgwsius
644 293 809 333 colendos
823 291 899 333 sihi
913 292 1012 343 deos,
1033 294 1104 346 qu&
1121 292 1243 357 nitigis
1261 291 1320 331 hzs
1331 288 1514 346 propi‘tn‘s
1533 303 1581 329 ac

117 351 352 405 faventibus·
368 351 544 393 viczltset:
573 361 652 392 tum
672 365 784 406 neque
803 349 926 393 σει-τιὰ
943 349 1029 398 zlla,
1059 366 1095 389 se
1115 349 1257 390 varium
1281 349 1480 405 quicquam
1503 348 1580 401 Cy-

134 410 263 451 ziceno
279 411 530 465 dempturum,
559 424 623 449 nec
640 418 881 449 servaturum
901 407 1064 448 reddztd.
1125 407 1204 448 Sed
1224 415 1376 463 quanto
1405 406 1580 461 Grypus

133 468 290 519 abnuit,
307 468 418 509 tanto
435 481 547 508 soror
567 466 762 507 muliebri
779 466 1001 520 pertinacia
1024 465 1268 515 accenditur,
1295 476 1379 505 rata
1400 480 1479 505 non
1499 479 1578 504 mi-

134 525 360 567 sericordiae
379 527 466 566 haec
483 525 625 576 verba,
639 526 708 566 sed
724 523 876 565 amoris
894 539 994 565 esse.
1026 523 1182 589 ltaque·
1186 523 1342 564 vocatis
1363 522 1450 576 ipsa
1473 522 1581 562 rnili-

132 583 258 634 tibus,
276 582 404 624 mittit
417 582 492 638 qui
513 597 693 624 sororem
711 582 994 623 confoderent:
1017 582 1091 636 qui
1108 592 1152 621 ut
1171 581 1214 622 in
1233 582 1436 634 templum
1458 581 1582 621 intra-

133 641 294 692 verunt,
323 656 419 681 cum
437 641 614 682 evellere
634 655 726 681 eam
745 656 824 680 non
843 650 1021 694 possent,
1041 654 1186 680 manus
1207 640 1478 703 amplexantis
1495 642 1580 680 deae
1593 641 1633 669 A.
1638 639 1687 669 Μ·
1695 643 1788 671 3940

134 699 402 741 simulacrum
421 699 709 753 praeciderunt.
769 699 891 739 Tunc
911 698 1132 751 Cleopatra
1153 698 1428 738 exsecratione
1450 697 1576 751 parri-
1592 682 1791 757 g¹·b¹({'‘”6'3{³3'

133 756 333 807 cidarum,
370 759 559 798 mandata
596 756 758 798 violatis
798 756 1039 797 numinibus
1077 756 1231 797 ultione
1271 755 1354 806 sui,
1406 754 1578 796 decedit.
1592 771 1666 800 ..m
1671 770 1706 801 C
1718 772 1790 800 112

131 814 225 856 Nec
245 816 376 856 multo
396 816 487 869 post
502 814 676 869 repetita
696 814 828 869 praelii
847 814 1144 869 congressione,
1174 814 1325 855 ‘victor
1345 813 1580 870 Cyzicenus

132 887 304 915 uxorem
324 874 467 929 Grypi
487 873 783 929 Tryphaenam,
814 888 907 928 quae
938 873 1062 926 paulo
1094 874 1183 913 ante
1214 887 1392 914 sororem
1413 872 1581 913 interfe-

136 941 261 982 cerat,
280 932 413 986 capit·
403 962 416 978 ,
452 939 468 958 ⁶
482 931 650 996 ejusque
670 930 876 985 supplicio
895 930 1038 971 uxoris
1059 930 1256 971 Manibus
1278 940 1472 984 parentav
1478 930 1522 971 it.

191 989 325 1031 CAP.
349 990 434 1030 IV.
464 988 558 1030 At
547 1003 590 1030 ιιι
613 990 803 1045 AEgypto
834 988 1054 1042 Cleopatra
1087 1004 1183 1028 cum
1214 998 1452 1044 gravaretur
1473 987 1583 1030 socio
1597 1010 1643 1040 C!
1632 1015 1748 1050 opum
1771 1007 1790 1038 ἃ

135 1047 267 1103 regni,
285 1047 374 1088 filio
395 1048 634 1097 Ptolemaeo,
665 1048 867 1101 populum
896 1046 939 1087 in
960 1061 1056 1087 eum
1076 1046 1236 1094 incitat3
1269 1048 1524 1102 abductaque
1545 1046 1651 1094 eifilio
1680 1055 1790 1097 intefi-

135 1105 277 1146 Selene
292 1121 433 1156 uxore,
455 1106 502 1146 εὸ
517 1105 742 1171 indignius,
757 1106 868 1160 quod
884 1120 936 1145 ex
954 1105 1129 1146 Selene
1115 1120 1200 1159 Jam
1213 1107 1315 1146 duos
1335 1105 1440 1147 filios
1456 1106 1582 1146 habe·
1593 1100 1687 1172 ‘'X'‘Vs

132 1164 215 1214 bat,
230 1165 397 1205 exulare
415 1163 538 1219 cogit,
555 1160 743 1204 arcessito
758 1163 915 1204 minore
927 1163 1011 1203 filio
1027 1164 1283 1212 Alexandro,
1299 1174 1337 1205 et
1353 1180 1446 1220 rege
1460 1164 1503 1204 in
1519 1165 1578 1208 ld
1593 1190 1632 1218 0
1593 1143 1646 1213 A}
1672 1146 1795 1218 135⁴}-

133 1236 228 1262 cum
262 1221 399 1263 fratris
429 1220 669 1262 constituto:
711 1235 785 1262 nec
819 1221 953 1262 filium
980 1236 1106 1275 regno
1140 1222 1346 1288 expulisse
1381 1232 1581 1271 contenta,
1594 1229 1674 1266 Urb.
1678 1231 1714 1262 C.
1720 1236 1794 1264 647.

133 1279 260 1321 ²bello
284 1279 417 1345 Cypri
436 1280 669 1344 exulantem
688 1279 966 1349 persequitur.
1010 1280 1128 1320 Unde
1149 1281 1283 1333 pulso,
1301 1281 1489 1321 interficit
1508 1283 1582 1320 du·
1594 1280 1673 1309 Ant.
1676 1276 1712 1308 (3
1725 1278 1792 1307 ¹⁰4³

131 1351 224 1378 cem
234 1337 440 1379 exercitus
451 1335 528 1388 sui,
542 1339 655 1392 quod
665 1337 814 1378 vivum
825 1352 921 1378 eum
939 1337 961 1377 ὲ
979 1337 1169 1378 manibus
1181 1337 1418 1379 dimisisset:
1435 1340 1586 1394 dquan-

131 1395 257 1449 quam
286 1395 532 1437 Ptolemaeus
554 1395 799 1436 verecundia
818 1395 990 1436 materni
1012 1395 1128 1447 belli,
1147 1402 1251 1437 3non
1271 1397 1430 1438 viribus
1451 1397 1585 1438 minor

129 1455 181 1494 ab
212 1454 345 1495 insula
375 1453 619 1495 recessisset.
680 1454 813 1509 Igitur
845 1454 1084 1494 Alexander
1122 1454 1287 1495 territus
1329 1456 1405 1496 hac
1441 1456 1583 1497 matris

131 1511 386 1564 crudelitate,
419 1522 458 1553 et
495 1511 582 1566 ipse
620 1525 712 1552 earn
751 1511 934 1567 reliquit,
969 1512 1199 1583 periculoso
1241 1528 1367 1568 regno
1398 1529 1584 1555 securam

130 1585 177 1611 ac
206 1579 336 1612 tutam
356 1569 487 1611 vitam
520 1578 784 1623 anteponens.
845 1570 1067 1624 Cleopatra
1099 1571 1196 1610 vero
1227 1571 1390 1622 timens,
1418 1587 1467 1612 ne
1498 1587 1585 1612 rna-

127 1629 194 1682 jor
227 1627 335 1669 filius
363 1629 610 1670 Ptolemaeus
646 1628 697 1669 ab
733 1626 947 1683 Cyziceno
987 1631 1036 1668 ad
1065 1631 1381 1683 recuperandam
1415 1632 1582 1687 AEgyp-

135 1698 224 1727 tum
254 1685 422 1728 auxiliis
450 1686 678 1741 juvaretur,
707 1685 892 1742 ingentia
920 1686 1103 1743 ⁴Grypo
1134 1687 1304 1741 auxilia,
1340 1696 1381 1729 et
1412 1689 1586 1730 Selenen

663 1787 801 1820 INTER
805 1787 1004 1819 PRETATI
1010 1787 1051 1820 O.

174 1866 190 1887 ³
209 1866 282 1898 Tum
296 1878 379 1909 neque
396 1865 565 1912 Cyzicenum
586 1865 754 1896 amissurum
779 1866 836 1895 ali·
921 1865 935 1884 ‘³
960 1866 1002 1896 Et
1016 1866 1096 1896 illum
1111 1866 1339 1910 interficijussIt,
1355 1873 1385 1898 ut
1399 1875 1514 1901 werten
1529 1883 1585 1901 ux-

131 1912 246 1952 quidex
260 1911 318 1940 suis
332 1909 456 1945 viribus,
467 1907 562 1938 etiam
576 1910 602 1938 si
614 1909 774 1942 occiduum,-
791 1921 838 1938 πει
852 1873 861 1985 l
876 1909 933 1938 oris
921 1921 970 1938 sis
969 1921 1002 1938 1ae
1017 1911 1108 1939 vindi
1106 1922 1148 1939 ·ra
1133 1917 1184 1939 ret.

133 1959 314 1983 :ematur-um
326 1950 443 1982 diutius
457 1949 539 1981 vires
552 1960 631 1987 suas,
651 1953 677 1981 ,η’
691 1952 834 1981 reddatur.
919 1951 936 1976 d
963 1952 1103 1990 Quamvis
1119 1953 1284 1983 Ptolemaeus
1297 1952 1410 1984 abiisset
1423 1967 1458 1984 ex
1476 1955 1585 1996 Cypro

175 1997 193 2022 b
215 1995 292 2026 Tunc
308 1995 460 2035 Cleopatra
473 1995 622 2034 interfecta
636 1999 687 2029 est,
698 1995 837 2023 execrati·
878 1993 981 2029 insula,
996 1996 1063 2035 quia
1078 1996 1134 2025 nole
1136 1995 1184 2024 bat
1197 1996 1212 2024 b
1214 1997 1296 2025 ellum
1301 2008 1336 2036 ge
1340 2009 1402 2026 rere
1412 1999 1440 2027 in
1455 2006 1583 2034 matrem.

131 2051 190 2069 anet
206 2039 321 2079 satiem
339 2038 368 2067 in
379 2038 554 2077 parricidas,
562 2043 588 2066 et
596 2042 716 2077 precata
729 2038 788 2066 deos
803 2036 838 2066 ab
877 2035 949 2069 licet
963 2047 1026 2067 nou
1041 2047 1119 2068 esset
1131 2051 1141 2068 ι
1136 2040 1188 2079 s·
1192 2041 1253 2069 rior
1266 2039 1388 2070 viribus.

131 2083 202 2123 iptio·
219 2082 350 2120 violator,
371 2086 402 2110 ut
414 2080 609 2110 ulciscerentur
621 2091 701 2110 suam
716 2085 840 2110 mortem.

760 2166 930 2198 NOTAE.

177 2247 204 2276 l
222 2244 265 2275 V
254 2250 322 2275 nctus
323 2242 510 2293 Cyzicenus]
535 2242 599 2274 Hic
609 2241 759 2285 Cyziceni
768 2253 838 2286 reg·
858 2239 865 2284 Ι
922 2247 951 2275 3.
974 2244 1044 2275 Non
1058 2243 1170 2276 viribus
1190 2244 1306 2287 ninom]
1329 2246 1402 2276 Non
1418 2247 1500 2278 enim
1515 2247 1586 2279 hos-

135 2298 212 2318 num
238 2286 346 2328 incipit
371 2286 534 2318 Eusebius:
557 2286 612 2317 sed
633 2293 702 2327 post
724 2285 841 2317 multos
879 2286 959 2318 tium
984 2294 1072 2318 metu
1095 2286 1189 2329 fugit,
1228 2287 1280 2318 sed
1320 2288 1586 2321 Ptolemaei'densi-

133 2340 231 2361 annos
246 2329 399 2378 Iosephus
409 2329 509 2371 rejicit
519 2329 605 2371 quod
619 2328 817 2360 Antiochus·
810 2339 840 2359 :n

134 2371 240 2403 media
262 2372 360 2413 Syriae
381 2380 470 2414 parte
490 2379 648 2420 regnaret,
659 2370 841 2412 bellumque

135 2415 294 2446 interdum
308 2423 485 2463 reparat-etz
507 2414 562 2456 qui
576 2414 704 2445 tandem
719 2413 757 2444 ab
774 2415 841 2445 He-

136 2457 278 2489 racleone
301 2467 360 2500 per
382 2456 506 2489 insidias
527 2456 644 2488 occisus
665 2464 722 2488 est.
768 2458 842 2488 Haec

135 2501 285 2542 Jmplm.

179 2547 210 2574 2.
223 2544 304 2578 Bello
319 2544 392 2593 Gyri
404 2544 570 2574 exulantem.
574 2541 588 2584 ]
602 2541 733 2583 Reginae
747 2542 842 2574 duces

134 2592 222 2616 erant
249 2585 369 2617 Belcias
396 2594 428 2617 et
456 2585 604 2619 Ananias
639 2584 749 2620 Judaei.
785 2584 842 2616 filii

135 2627 239 2667 Onia,
259 2628 328 2676 qui
363 2628 519 2670 templum
554 2626 842 2678 Hierosolymitano

880 2329 937 2360 bus
949 2340 1021 2360 cum
1037 2329 1174 2360 militum
1190 2330 1319 2372 triginta
1341 2331 1479 2364 millibus
1500 2335 1586 2364 auxi-

880 2371 922 2403 lio
937 2372 1048 2410 venit;
1067 2373 1084 2403 ὲ
1099 2372 1212 2414 quibus
1226 2379 1342 2410 tamen,
1366 2383 1436 2416 post
1451 2376 1587 2406 obsidio-

881 2425 953 2446 nem
976 2414 1014 2445 ab
1039 2414 1220 2446 Alexandro
1241 2415 1386 2455 solutam,
1407 2418 1588 2460 repudiatus

880 2464 945 2489 est:
970 2468 1066 2499 quare
1088 2465 1120 2489 et
1141 2468 1251 2489 eorum
1267 2458 1388 2490 obsedit
1411 2461 1531 2498 urbem,
1555 2469 1585 2491 et

882 2500 1008 2539 Judaeis,
1022 2501 1075 2542 qui
1089 2500 1150 2532 illis
1163 2500 1304 2538 aderant,
1330 2502 1454 2534 crudele
1468 2485 1588 2535 bellum

879 2544 988 2585 gessitz

924 2589 952 2616 4.
978 2588 1078 2628 Grypo
1097 2587 1233 2626 auxilia]
1280 2587 1347 2629 Ipsa
1363 2597 1434 2618 cum
1451 2588 1588 2619 Alexan-

883 2627 941 2660 dro
956 2628 1022 2660 filio
1040 2629 1126 2660 venit
1142 2629 1173 2660 in
1189 2629 1310 2670 Syriam
1323 2629 1378 2661 ubi
1394 2631 1588 2671 Ptolemaide

135 2670 235 2709 simile
258 2670 290 2701 in
313 2670 546 2713 Heliopolitana
567 2668 754 2712 praefectura
769 2680 840 2703 con·
882 2679 952 2713 pont
965 2670 1124 2704 difficilem
1139 2670 1334 2705 obsidionem
1349 2672 1447 2715 petita
1463 2681 1517 2706 est

136 2721 298 2747 struxerat.
341 2714 392 2746 Ex
408 2714 545 2746 Strabone
558 2720 585 2745 at
600 2713 731 2755 Josepho.
