1903 3076
582 189 692 234 ΠΒ.
716 191 884 233 XLIII.
919 179 1056 234 CAP.
1078 191 1136 233 v.

234 275 408 317 rietatem
429 273 506 314 loci
520 272 597 314 sibi
612 273 835 314 vindicasse.
877 273 970 313 Non
985 273 1101 312 aliter
1122 271 1395 322 Massilienses,
1414 272 1587 326 qnimmc

140 335 320 391 inquilini
327 333 543 379 videantur,
557 333 775 385 quando'que
789 331 956 372 dominos
971 330 1341 384 regionumfictmvs.
1388 331 1466 371 His
1484 331 1589 370 inci-

140 403 246 434 tatus
256 407 330 432 rex
345 389 508 431 insidias
524 389 854 429 Massiliensibus
873 388 1036 429 extruit.
1080 387 1222 442 Itaque
1241 389 1394 428 solenni
1420 394 1431 410 ¹
1448 388 1588 429 Flora-

140 450 292 491 liorum
311 449 377 489 die
398 449 549 488 multos
570 448 695 488 fortes
714 462 759 487 ac
780 455 964 488 strenuos
985 445 1150 499 hospitii
1169 445 1258 500 jure
1280 446 1322 485 in
1342 449 1486 486 urbem
1509 446 1588 486 mi-

140 507 219 557 sit;
250 509 386 561 plures
404 506 446 545 in
468 505 612 559 sirpeis
641 506 824 556 latentes,
853 503 1152 558 frondibfisque
1175 512 1422 557 supertectos
1449 504 1589 555 induci

141 565 344 606 vehiculis
372 563 516 617 jubet:
557 572 595 602 et
624 561 711 616 ipse
742 577 836 602 curn
866 562 1048 602 exercitu
1079 562 1120 601 in
1151 561 1350 615 proximis
1381 563 1588 603 montibus

141 620 362 664 delitescit:
385 632 444 671 ut,
466 636 593 676 quum
613 629 731 661 nocte
748 620 772 660 ὲ
788 620 992 673 praedictis
1008 630 1154 674 apertae
1175 630 1300 673 portae
1319 621 1464 668 forent,
1486 630 1589 662 tem-

139 679 299 735 pestive
320 681 370 719 ad
390 679 556 720 insidias
577 681 760 727 adesset3
791 680 1018 733 urbemque
1039 693 1181 719 somno
1203 693 1248 718 ac
1271 676 1367 718 vino
1387 681 1590 731 sepultam

141 738 271 784 armis
284 738 506 778 invaderet.
539 737 616 777 Sed
633 737 702 776 has
717 736 881 777 insidias
893 737 1041 776 mulier
1057 738 1260 791 quaedam,
1276 736 1386 790 regis
1404 747 1591 791 cognata,

140 795 334 850 prodidit,
364 810 456 850 quae
477 796 701 835 adulterare
721 809 815 835 cum
835 794 984 835 Graeco
1005 796 1252 835 adolescente
1276 794 1408 845 solita,
1437 793 1478 833 in
1502 810 1590 839 am-

140 854 270 908 plexu
279 853 458 907 juvenis,
470 853 662 894 miserata
675 852 851 892 formam
864 852 966 905 ejus,
976 852 1142 893 insidias
1154 853 1299 906 aperit,
1304 851 1593 908 periculu'mque

141 911 333 952 declinare
347 912 480 965 jubet.
543 911 618 951 Ille
649 925 735 950 rem
767 910 904 951 statim
926 913 975 951 ad
1002 910 1263 966 magistratus
1285 911 1440 951 defert:
1472 920 1593 966 atque

141 969 200 1011 ita
216 970 424 1023 patefactis
440 968 616 1020 insidiis,
636 977 771 1010 cuncti
787 969 959 1024 Ligures
973 970 1383 1022 comprehenduntur,
1404 971 1595 1011 latentes-

142 1043 227 1083 que
244 1029 294 1069 de
316 1027 463 1080 sirpeis
484 1030 784 1080 protrahuntur.
835 1026 996 1081 Quibus
1019 1027 1210 1067 omnibus
1229 1026 1470 1076 interfectis,
1492 1026 1592 1067 insi-

142 1085 271 1126 dianti
290 1085 377 1141 regi
397 1084 556 1126 insidiae
576 1087 805 1126 tenduntur.
840 1085 957 1126 Caesa
972 1094 1064 1126 sunt
1079 1100 1174 1125 cum
1194 1085 1289 1138 ipsov
1298 1099 1394 1139 rege
1409 1085 1593 1126 hostiurn

141 1153 301 1198 septem
313 1143 459 1184 millia.
491 1144 653 1184 Exinde
665 1143 947 1184 Massilienses
958 1143 1070 1184 festis
1086 1143 1230 1184 diebus
1242 1154 1376 1195 portas
1391 1144 1595 1195 claudere,

141 1200 315 1258 vigilias
335 1216 471 1256 agere,
493 1200 706 1242 stationem
728 1201 771 1240 in
794 1201 924 1241 muris
944 1203 1172 1253 observare,
1196 1202 1430 1256 peregrinos
1449 1215 1594 1256 recog-³

142 1275 309 1301 noscere
330 1274 438 1300 curae
458 1261 621 1309 habere,
642 1274 687 1299 ac
707 1259 834 1300 veluti
856 1260 1012 1299 bellum
1032 1262 1221 1310 habeant,
1241 1258 1297 1299 sic
1316 1260 1460 1299 urbem
1481 1259 1596 1311 pacis

142 1317 401 1371 temporibus
420 1317 638 1358 custodire.
670 1318 790 1358 Adeo
811 1317 898 1357 illic
919 1318 1023 1357 bene
1044 1317 1240 1368 instituta,
1260 1333 1342 1357 non
1362 1327 1594 1370 temporum

142 1375 398 1427 necessitate,
419 1378 488 1416 sed
506 1375 615 1416 recte
633 1375 806 1415 faciendi
829 1375 1133 1425 consuetudine,
1155 1385 1378 1416 servantur.

1720 201 1800 234 321

207 1433 317 1475 CAP.
328 1434 390 1474 V.
407 1433 502 1474 Post
518 1435 604 1474 haec
618 1434 853 1488 magnaillis
867 1448 961 1474 cum
975 1433 1211 1489 Liguribus,
1222 1449 1369 1489 magna
1379 1432 1590 1474 cumGal-
1605 1437 1808 1470 Massiliensi-

142 1491 212 1543 lis,
243 1492 357 1532 fuere
378 1493 513 1533 bella:
553 1508 641 1547 quae
675 1507 739 1532 res
767 1502 806 1533 et
835 1492 949 1532 urbis
978 1492 1149 1547 gloriam
1181 1491 1378 1541 auxit,'et
1395 1492 1588 1532 virtutem

144 1549 406 1600 Graecorum,
427 1549 698 1603 multiplicata
720 1549 906 1599 victoria,
937 1551 1139 1589 celebrem
1149 1546 1266 1590 ‘inter
1285 1550 1481 1590 finitimos
1499 1552 1592 1590 red-

145 1607 265 1649 didit.
333 1608 734 1660 Carthaginiensium
757 1622 917 1663 quoque
939 1607 1154 1659 exercitus,
1175 1608 1270 1647 cum
1289 1608 1446 1648 bellum
1467 1608 1596 1661 captis
1634 1623 1636 1625 ’

143 1666 396 1719 piscatorum
411 1667 587 1707 navibus
602 1674 736 1706 ortum
748 1675 867 1715 esset,
888 1667 996 1719 saepe
1009 1665 1214 1717 fuderunt,
1235 1667 1461 1720 pacemque
1477 1666 1598 1707 victis

143 1724 371 1766 dederunt:
402 1740 495 1766 cum
515 1724 714 1777 Hispanis
742 1723 966 1765 amicitiam
994 1724 1237 1778 junxerunt:
1270 1738 1366 1764 cum
1397 1724 1598 1765 Romanis

145 1783 278 1839 prope
298 1784 349 1824 ab
371 1783 490 1825 initio
509 1782 680 1823 conditae
698 1782 811 1822 urbis
841 1782 973 1822 foedus
1005 1782 1164 1822 summa
1201 1781 1277 1822 fide
1309 1781 1599 1831 custodierunt,

146 1843 412 1897 auxiliisque,
432 1842 474 1882 in
496 1841 686 1881 omnibus
703 1840 838 1892 bellis,
858 1839 1056 1881 industrie
1076 1839 1210 1880 socios
1227 1840 1435 1893 juverunt.
1465 1847 1480 1864 ³
1495 1842 1597 1894 ‚Quae

110 1914 114 1918 ’
146 1915 214 1942 res
233 1901 318 1944 illis
333 1910 375 1942 et
391 1899 541 1940 virium
558 1898 748 1938 fiduciam
766 1898 894 1949 auxit,
914 1908 952 1939 et
971 1913 1113 1952 pacem
1130 1899 1180 1938 ab
1201 1898 1383 1938 hostibus
1398 1897 1598 1951 praestitit.

148 1959 264 2001 cum
298 1958 422 2014 igitur
462 1957 653 1998 Massilia
691 1957 800 1997 fama⁴
841 1971 975 1996 rerum
1014 1967 1233 2012 gestarum,
1273 1965 1312 1995 et
1353 1955 1601 1996 abundantia

148 2032 280 2072 opum
297 2026 334 2072 et
355 2017 510 2058 virium
532 2014 664 2070 gloria
684 2014 839 2055 virente
858 2015 1035 2065 floreret,
1064 2014 1229 2067 repente
1257 2013 1422 2054 finitimi
1453 2013 1600 2067 populi

150 2079 201 2117 ad
221 2090 370 2117 nornen
391 2073 717 2115 Massiliensium
737 2074 971 2123 delendum,
994 2072 1121 2112 veluti
1142 2074 1191 2112 ad
1208 2086 1424 2112 commune
1444 2071 1600 2112 exstin-

150 2137 360 2191 guendum
372 2131 618 2183 incendium,
633 2141 892 2172 concurrunt.
944 2131 1046 2172 Dux
1063 2145 1259 2170 consensu
1275 2129 1460 2170 omnium
1475 2128 1600 2170 Catu-

150 2196 326 2236 mandus
339 2192 527 2246 Regulus
541 2189 720 2246 eligitur,
728 2189 798 2244 qui
814 2204 908 2229 cum
923 2203 1074 2244 magno
1086 2187 1264 2228 exercitu
1279 2187 1600 2229 lectissimorum

685 2282 1053 2314 INTERPRETATIO
1061 2305 1069 2312 .

196 2340 214 2362 ²
240 2339 306 2380 Qui?
321 2352 350 2370 re
362 2340 478 2381 sactum
492 2345 544 2377 est,
559 2344 589 2369 ut
603 2340 691 2380 magis
696 2338 820 2380 fiderent
835 2341 864 2368 in
878 2340 935 2368 suis
950 2337 1060 2368 viribus
1076 2343 1204 2378 propter
1219 2334 1367 2367 auxilium
1381 2335 1599 2366 Romanorum

153 2391 180 2417 et
194 2385 343 2415 obtinerent
355 2390 450 2425 pacem
462 2382 498 2413 ab
511 2381 642 2412 hostibus.

797 2447 965 2478 NOTAE.

201 2506 230 2534 1.
242 2503 432 2534 Horatiorum
447 2500 515 2543 die.]
529 2501 602 2531 Hoc
616 2498 729 2530 festum
745 2498 816 2529 cum
833 2509 864 2528 a·
897 2498 968 2530 cum
985 2507 1112 2540 magnas
1133 2508 1218 2539 opeS‚
1240 2498 1379 2540 corporis
1393 2504 1524 2540 quaestu‚
1545 2496 1604 2528 sibi

154 2546 222 2588 pud
235 2547 369 2580 Graecos,
382 2553 448 2574 tum
459 2544 541 2585 apud
554 2544 720 2577 Romanos,
730 2542 864 2572 celebra-
897 2540 1112 2583 comparasset,
1135 2541 1288 2582 Populum
1301 2542 1479 2571 Romanum
1489 2539 1522 2569 νὲι
1533 2539 1604 2580 lege

159 2596 229 2619 tum
244 2595 299 2618 est.
321 2586 482 2628 Nympha,
499 2585 622 2617 Chloris
635 2586 773 2623 nomine,
788 2585 810 2614 si
820 2583 864 2613 sd·
897 2584 1015 2627 scripsit
1029 2583 1198 2619 haeredem,
1222 2592 1253 2614 ut
1269 2584 1334 2614 dies
1347 2583 1413 2625 ejus
1435 2583 1542 2612 nat-ilis
1556 2581 1604 2613 lu-

157 2630 240 2662 bulae
252 2630 416 2666 credimus,
439 2628 591 2669 Zephyro
615 2630 643 2658 in
668 2627 866 2657 matrimonio
898 2627 1011 2657 dorum
1026 2625 1160 2656 editione
1182 2625 1408 2656 celebraretur:
1431 2633 1546 2663 tamen,
1567 2631 1604 2655 ut

159 2672 320 2711 collocata,
342 2672 422 2702 dous
444 2673 510 2702 loco
528 2671 557 2701 id
574 2670 737 2700 muneri-:ix
753 2679 865 2700 marito
899 2669 944 2699 rei
965 2668 1116 2710 pudendae
1139 2667 1242 2709 aliqua
1267 2668 1401 2710 dignitas
1427 2667 1606 2705 adderetur,

157 2715 288 2756 accepit,
314 2723 347 2745 ut
370 2709 483 2745 florum'
514 2715 651 2744 omnium
683 2721 864 2753 potestatem
900 2712 988 2742 dean·
1004 2710 1094 2741 fuisse
1111 2710 1278 2749 finxerunt,
1300 2711 1386 2752 cujus
1407 2710 1437 2740 in
1453 2709 1605 2740 honorem

158 2757 297 2790 haberet.
312 2759 334 2789 F
338 2759 382 2789 ui:
393 2757 487 2790 etiam
497 2758 609 2789 Romae
618 2755 776 2794 meretrix,
785 2764 868 2797 quae,
900 2754 955 2787 hos
970 2753 1059 2786 ludos
1073 2753 1157 2787 omni
1173 2764 1244 2786 cum
1266 2751 1391 2784 lascivia
1405 2751 1605 2787 celebrarent.

1249 2796 1294 2838 Y

1603 1495 1647 1512 um
1661 1483 1732 1512 bella
1745 1486 1772 1512 et

1593 1526 1715 1566 soedera.
