1903 3076
76 231 155 266 113
889 217 1122 261 JUSTINI

287 315 379 350 nus,
400 307 496 340 tunc
517 306 710 339 ‘noverca
729 297 955 352 fratresque
975 296 1197 339 interfecti:
1222 305 1320 339 tunc
1336 299 1521 350 Attalus,
1540 299 1743 356 ²Eurylo-

289 361 406 409 chus,
426 357 661 407 Pausanias,
679 355 833 411 aliique
852 355 1108 396 Macedoniae
1124 355 1295 397 extincti
1309 357 1533 411 principes,
1555 372 1745 399 occurre-

289 418 400 457 bant.
447 416 533 455 ειΟἱ)
553 416 641 456 haec
660 413 723 454 illi
743 414 962 468 quatriduo
982 423 1239 466 perseverate,
1256 414 1391 456 inedia
1420 428 1496 467 est,
1525 418 1655 457 donec
1673 429 1746 456 ex-

290 474 442 515 ercitus
454 472 636 514 universi
652 472 844 525 precibus
859 482 1052 511 exoratus
1065 480 1139 523 est,
1155 473 1368 525 precantis,
1383 490 1427 514 ne
1445 474 1503 515 ita
1522 485 1677 515 mortem
1697 488 1745 513 u-

290 532 374 572 nius
392 532 533 579 doleat,
563 541 605 571 ut
625 530 814 570 universos
834 531 994 586 perdat,
1021 545 1112 583 quos
1130 529 1170 570 in
1196 530 1370 571 ultimam
1388 533 1562 573 deductos
1582 531 1747 573 Barba-

291 590 410 641 riam,
429 588 529 630 inter
548 588 705 641 infestas
724 597 760 628 et
790 587 972 628 irritatas
1006 587 1104 629 bello
1130 598 1271 643 gentes,
1301 589 1496 630 destituat.
1556 590 1748 631 Multum

291 647 483 704 profuere
513 645 797 687 ³Callisthenis
828 644 1065 699 philosophi
1095 661 1250 700 preces,
1279 647 1607 701 condiscipulatu
1637 649 1748 702 apud

291 705 562 748 Aristotelem
583 704 801 745 familiaris
820 702 897 755 illi,
918 713 957 744 et
978 713 1072 744 tunc
1088 706 1138 744 ab
1159 704 1249 756 ipso
1264 719 1360 760 rege
1376 707 1425 745 ad
1439 708 1645 759 prodenda
1658 721 1746 747 me-

292 764 555 806 moriae-acta
585 762 673 816 ejus
703 762 870 802 accitus.
932 761 1143 802 Revocato
1176 762 1302 818 igitur
1334 766 1383 804 ad
1414 764 1572 804 bellum
1593 764 1748 818 animo,

293 822 563 864 ⁴Chorasm0s
584 832 622 861 et
643 821 805 860 ⁵Dahas
825 819 888 860 ⁶in
909 819 1155 861 deditionem
1175 821 1345 874 accepit.

82 875 194 927 stanit
207 877 262 927 ¹³3¹·
354 880 484 921 CAP.
509 878 616 918 VII.
649 879 833 929 Deinde,
862 880 974 933 quod
995 878 1130 931 primo
1150 893 1202 918 ex
1220 879 1384 920 Persico
1406 880 1606 933 superbiae
1623 881 1749 935 regiae

79 921 284 992 ’ἵῇῗεῗῖζω
295 954 409 979 more
430 937 658 988 distulerat,
681 952 730 977 ne
752 935 890 978 omnia
912 937 1061 989 pariter
1080 935 1349 979 invidiosiora
1368 947 1517 989 essent,
1537 954 1618 979 non
1638 940 1748 980 salu-

82 1012 216 1044 superare
295 997 393 1048 tari,
422 999 492 1037 sed
511 995 686 1036 ⁷adorari
706 1011 747 1036 se
775 995 906 1048 jubet.
938 994 1181 1036 Acerrimas
1202 996 1308 1036 inter
1327 1005 1560 1038 recusantes
1577 996 1750 1038 ⁸Ca11is-

83 1050 226 1078 “¹²²“''di'·
294 1058 437 1097 thenes
461 1053 564 1094 fnit:
602 1054 789 1108 Quaeres
809 1057 866 1093 ⁹et
885 1051 965 1104 illi,
985 1061 1023 1092 et
1035 1053 1176 1093 multis
1186 1053 1448 1108 'principibus
1471 1055 1751 1096 Macedonum

295 1112 424 1154 exitio
447 1112 547 1153 fuit:
581 1111 785 1166 siquidem
819 1113 896 1152 sub
927 1110 1060 1163 specie
1092 1110 1335 1152 insidiarum
1357 1128 1497 1154 omnes
1526 1113 1747 1160 interfecti.

295 1172 494 1213 Retentus
514 1178 652 1210 tamen
672 1180 731 1210 est
753 1169 778 1209 ὲ
797 1169 1097 1210 Macedonibus
1119 1185 1209 1210 mos
1229 1171 1427 1212 salutandi
1447 1171 1554 1227 regis
1577 1170 1748 1224 explosa

295 1229 543 1270 adoratione.
604 1228 700 1269 Post
721 1230 806 1268 haec
828 1226 988 1268 Indiam
1009 1225 1123 1281 petit,
1145 1238 1188 1269 ut
1208 1230 1373 1269 Oceano
1400 1231 1631 1285 ultimoque
1651 1228 1750 1270 Ori..

294 1297 388 1329 ente
421 1286 552 1327 finiret
589 1285 827 1339 imperium.
889 1284 970 1326 Cui
1006 1286 1160 1340 gloriae,
1201 1295 1248 1328 ut
1278 1286 1401 1327 etiam
1436 1287 1642 1340 exercitiis
1681 1303 1750 1328 or-

296 1356 485 1386 namenta
523 1344 797 1392 convenirent,
835 1342 1043 1396 ¹>phaleras
1073 1359 1290 1399 equorum,
1320 1355 1359 1385 et
1397 1360 1510 1386 arma
1548 1346 1749 1396 militum,

296 1412 463 1461 argento
493 1402 680 1452 inducit3
717 1401 1030 1457 exercitumque
1071 1417 1208 1455 suum,
1249 1405 1299 1444 ab
1339 1404 1540 1459 argenteis
1576 1404 1750 1460 clypeis,

834 1515 1222 1548 INTERPRETATIO.

337 1595 355 1615 ²
379 1596 506 1635 Propter
529 1594 603 1625 lianc
624 1594 720 1625 cedem
738 1596 796 1634 per
809 1597 930 1634 quatuor
949 1592 1005 1623 dies

1087 1591 1105 1618 b
1140 1592 1301 1622 Decoravie
1321 1599 1438 1635 asgento
1455 1593 1593 1636 phaleras
1619 1604 1751 1636 equorum

296 1639 432 1671 abstinuit
445 1636 463 1668 ἃ
477 1636 545 1668 cibo.

1045 1640 1072 1665 et
1083 1646 1167 1666 arnna
1181 1636 1313 1667 militum.

943 1734 1016 1766 No
1028 1734 1115 1767 TAE.

345 1819 372 1847 1.
389 1813 551 1857 Noveram]
587 1812 754 1853 Cleopatra
769 1809 872 1843 Attali
893 1811 1004 1853 neptiS.
1022 1807 1028 1882 Ι
1044 1810 1063 1843 a
1092 1811 1201 1849 Dahis,
1230 1823 1310 1855 quos
1331 1812 1538 1856 Massagetas,
1566 1820 1598 1845 et
1619 1812 1752 1855 Scythas

300 1869 406 1902 quam,
419 1865 505 1889 torto
520 1857 550 1887 in
566 1855 650 1897 pelvi
660 1855 726 1895 ejus
736 1854 812 1894 filio,
828 1853 867 1884 ad
880 1864 1005 1896 suspen·
1037 1856 1144 1886 vocat.

300 1902 389 1934 dium
404 1900 509 1941 adegit
525 1898 698 1939 Olympias.
1086 1900 1114 1929 7.
1136 1900 1267 1929 Adoran'
1298 1912 1327 1930 se
1350 1898 1458 1942 juben]
1522 1898 1558 1929 ld
1579 1899 1750 1931 suadebant

344 1947 373 1974 2.
391 1940 593 1984 Eurylocl›us.'3
624 1940 686 1971 Vel
699 1939 762 1976 alii,
775 1938 943 1970 Historieis
958 1939 1004 1981 ig·
1044 1940 1125 1981 Agis
1154 1942 1316 1972 Po'e'taster
1338 1941 1490 1983 Argivus,
1520 1941 1598 1973 Cleo
1621 1943 1753 1981 Siculus,

299 1994 392 2018 notus
401 1985 470 2021 fuit,
482 1984 533 2015 vel
541 1983 677 2026 turpiter
688 1982 840 2026 lapsusest
854 1982 1003 2013 Iustinus:
1044 1983 1249 2014 Anaxarchus
1260 1984 1415 2026 Sophista,
1429 1985 1484 2025 qui
1499 1984 1681 2021 Herculem,
1694 1985 1750 2016 Li-

299 2028 514 2070 Eurylochum
526 2026 607 2056 enim
622 2036 684 2056 non
693 2025 806 2056 occidit
818 2023 1007 2063 Alexander3
1043 2025 1166 2065 berum,
1182 2028 1346 2057 Castorem
1366 2035 1398 2057 et
1416 2026 1576 2058 Pollucem
1591 2037 1674 2058 novo
1689 2029 1750 2059 deo

301 2072 355 2102 sed
380 2070 523 2101 maximis
550 2068 652 2099 affecit
674 2067 863 2102 muneribus,
891 2067 930 2098 ob
953 2068 1006 2097 de·
1044 2079 1179 2099 cessuros
1190 2069 1384 2110 jactitabant.

300 2122 416 2146 tectam
447 2112 611 2144 Hermolai
630 2111 896 2152 conjurationem:
923 2110 1009 2152 quod
1086 2114 1115 2142 8.
1137 2112 1343 2155 Callisthenes]
1371 2111 1552 2154 Olynthius,
1568 2112 1750 2145 Aristotelis

299 2156 395 2201 paulo
413 2164 480 2198 post
498 2155 573 2186 Cliti
589 2162 723 2184 mortem
739 2153 881 2194 contigit.
1045 2162 1075 2184 et
1092 2153 1258 2196 discipulus
1279 2163 1310 2186 et
1333 2153 1440 2192 affinis,
1463 2156 1518 2197 qui
1533 2166 1636 2187 coram
1652 2155 1750 2188 Alex-

307 2232 310 2237 ,
343 2197 591 2237 &Cellirtlzenisff
607 2196 669 2236 Qui
683 2196 778 2227 etiam
789 2197 828 2226 ob
843 2195 1008 2227 Hermolai
1044 2197 1141 2227 andro
1175 2197 1348 2228 orationem
1379 2197 1556 2229 Anaxarchi
1589 2197 1751 2237 refutavit,

301 2242 560 2284 conjurationem,
585 2238 698 2270 indicta
722 2239 821 2275 causa,
839 2239 934 2270 morti
955 2238 1008 2268 ad·
1045 2240 1192 2281 przecepti
1202 2239 1257 2270 sibi
1267 2240 1305 2271 ab
1316 2240 1487 2272 Aristotele
1496 2240 1750 2280 datiimmemor,

302 2285 404 2316 dictus
418 2292 480 2314 est:
497 2283 582 2324 quod
598 2282 738 2323 pluribus
753 2291 858 2312 narrat
874 2281 1010 2312 Curtius.
1046 2291 1079 2312 ut
1095 2292 1165 2312 cum
1182 2293 1266 2323 rege,
1280 2283 1330 2313 vel
1345 2284 1513 2323 rarissime,
1524 2283 1575 2315 vel
1589 2283 1685 2325 quam
1698 2284 1749 2326 ju-

344 2331 373 2358 4.
393 2325 583 2367 Chorasmos.]
607 2326 782 2365 Utramque
798 2325 858 2356 Oxi
874 2323 1011 2355 fluminis
1045 2324 1229 2357 cundissime
1244 2325 1433 2366 loqueretur.

301 2370 402 2413 riparii
417 2368 593 2399 incolentes.
619 2368 770 2397 Carassun.
1089 2371 1116 2398 9.
1135 2369 1174 2398 Ee
1190 2370 1234 2398 illi
1249 2375 1275 2398 et
1289 2368 1408 2411 multis]
1438 2368 1490 2400 Ob
1503 2368 1666 2400 Hermolai
1675 2379 1751 2400 con-

345 2416 374 2445 5.
391 2411 518 2451 Dahas]
545 2410 608 2450 Qui
630 2410 710 2440 inter
735 2412 839 2440 Oxum
855 2417 886 2440 et
903 2411 1008 2440 Jaxar—
1044 2409 1244 2449 jurationem,
1270 2411 1321 2441 vel
1343 2419 1443 2442 tortus
1463 2419 1510 2443 est
1531 2419 1563 2442 et
1578 2422 1754 2453 suspensus,

303 2463 380 2491 tem,
403 2465 464 2485 non
487 2451 597 2496 procul
619 2452 638 2484 a
660 2453 754 2483 maris
777 2452 881 2495 Caspii
904 2452 1010 2483 littore
1046 2466 1081 2482 cx
1097 2454 1245 2483 Ptolemaeo
1269 2456 1347 2495 apud
1360 2455 1486 2485 Arrian.
1507 2454 1558 2485 vel
1573 2454 1604 2484 in
1621 2454 1752 2486 vinculis

277 2497 496 2531 —habitabane
1047 2496 1227 2534 custoditus,
1250 2505 1318 2537 post
1333 2507 1453 2527 menses
1474 2504 1591 2538 septeni
1607 2496 1695 2534 obiit,
1713 2510 1750 2529 ex

347 2547 375 2572 6.
406 2543 442 2572 In
465 2540 624 2570 deditionem
647 2538 775 2580 accepia]
822 2538 1011 2579 Spitamene,
1049 2538 1407 2581 ChariteapudPlutarch.
1422 2539 1472 2570 vel
1482 2539 1563 2570 leoni
1574 2539 1751 2582 postmultz

304 2584 358 2626 qui
387 2583 460 2614 belli
490 2589 597 2613 auctor
625 2581 737 2617 fuerat,
771 2581 882 2617 occiso,
917 2591 1009 2621 quem
1047 2587 1204 2614 tormenta
1219 2581 1371 2625 objectus,
1385 2595 1420 2614 ex
1434 2583 1569 2616 Laertio.

305 2626 434 2661 Curtius
444 2625 513 2659 vult
527 2633 672 2657 necatum
686 2623 725 2656 ab
734 2634 831 2657 uxore
845 2623 1011 2662 ,Arrianus
