1903 3076
507 153 620 195 LIB.
643 149 800 194 XXII.
844 151 977 195 CAP.
1000 151 1134 194 VIII.

100 238 198 280 cum
227 239 278 280 ad
307 237 406 280 belli
434 236 668 279 societatem
697 251 792 278 cum
821 236 974 294 ingenti
1005 237 1187 279 exercitu
1217 236 1333 292 'ipse
1356 236 1547 290 venisset,

99 297 376 352 ⁸Agathocles
406 296 554 336 blando
575 295 754 350 alloquio
775 303 815 335 et
833 295 983 336 humili
1003 296 1246 344 adulatione,
1278 296 1372 336 cum
1393 296 1542 350 saepius

99 353 224 395 simul
253 354 489 404 coenassent,
519 353 818 408 adoptatusque
849 353 959 394 filius
989 353 1077 408 ejus
1106 356 1157 394 ab
1187 355 1399 407 *Ophelta
1424 364 1542 405 esset,

99 412 333 453 'incautum
362 411 587 452 interfecit:
622 412 903 466 occupatoque
933 411 1116 452 exercitu
1142 412 1244 466 ejus,
1272 411 1414 452 iterato
1439 412 1542 452 Car-

99 469 373 526 thaginienses
391 470 581 510 omnibus
601 469 758 510 viribus
788 471 942 510 bellum
962 469 1126 520 cientes,
1157 484 1308 524 magno
1331 468 1541 524 utriusque

97 527 298 569 exercitus
331 527 542 580 sanguine,
577 530 591 554 3
600 526 716 582 gravi
746 528 886 579 praelio
916 536 1092 580 superat.
1161 526 1280 568 ¹>Hoc
1311 528 1542 569 certaminis

95 584 330 626 discrimine
348 595 457 626 tanta
475 585 700 638 desperatio
721 584 831 625 illata
849 584 984 626 Poenis
1002 595 1073 635 est,
1103 593 1162 635 ut,
1191 585 1270 625 nisi
1297 584 1338 624 in
1360 585 1541 626 exercitu

96 643 341 698 Agathoclis
359 652 446 684 orta
476 642 621 684 seditio
650 642 805 692 fuisset,
836 642 1074 683 transiturus
1103 644 1152 682 ad
1183 658 1278 684 eum
1307 642 1541 684 ⁴Bomilcar

95 715 169 742 rex
189 701 405 742 Poenorum
425 716 519 742 cum
538 700 718 742 exercitu
739 700 875 742 fuerit.
934 701 1000 740 Ob
1022 715 1145 756 quam
1165 716 1316 741 noxam
1340 700 1382 741 in
1402 701 1539 741 medio

95 758 186 800 foro
206 758 230 798 ὲ
260 759 394 800 Poenis
425 759 609 813 patibulo
630 758 796 799 suffixus
816 768 902 799 est:
936 769 979 799 ut
1011 758 1120 798 idem
1150 760 1265 800 locus
1294 774 1540 799 monumen-

94 824 183 857 tum
203 817 502 870 suppliciorum
523 817 611 870 ejus
626 826 744 867 esset,
765 817 835 872 qui
857 817 950 857 ante
965 816 1095 857 fuerat
1108 821 1392 858 ornamentum
1409 819 1538 858 hono-

96 888 204 915 rum.
265 876 343 916 Sed
375 875 582 916 Bomilcar
608 889 757 930 magno
778 874 913 914 animo
935 874 1214 915 crudelitatem
1236 874 1391 915 civium
1414 874 1506 915 tulit
1526 894 1537 923 ;

95 933 196 973 adeo
217 942 261 973 ut
281 936 331 974 de
352 933 510 974 summa
530 947 662 984 cruce,
691 932 820 973 veluti
841 933 890 972 de
910 931 1122 980 tribunali,
1153 932 1194 972 in
1217 933 1432 973 Poenorum
1455 948 1538 973 sce-

95 990 180 1031 lera
200 991 529 1033 concionaretur:
564 991 793 1044 cobjectans
814 990 911 1039 illis,
943 1005 1048 1030 nunc
1082 991 1304 1031 Hannonem
1323 992 1444 1043 falsa*
1470 991 1538 1044 as-

81 1049 235 1102 sectati
261 1049 369 1104 regni
396 1048 540 1090 invidia
569 1049 863 1089 circumventum
882 1063 896 1088 .·
925 1063 1022 1088 nunc
1045 1047 1220 1102 Gisgonis
1239 1048 1438 1089 innocentis
1456 1049 1538 1089 exi-

94 1106 187 1147 lium
205 1123 219 1148 .·
248 1123 343 1149 nunc
374 1106 412 1147 in
448 1106 712 1147 Hamilcarem
736 1117 922 1162 patruum
941 1121 1046 1147 suum
1066 1105 1190 1146 tacita
1208 1106 1411 1160 szffagia,
1439 1108 1550 1161 quod.

94 1165 347 1219 Agathoclem
365 1165 504 1205 socium
522 1164 601 1206 illis
608 1166 764 1220 facere,
781 1165 898 1219 quam
918 1165 1056 1204 hortem
1075 1165 1267 1205 maluerit.
1318 1165 1418 1205 Haec
1440 1164 1538 1206 curn

93 1222 136 1264 in
155 1223 337 1264 maxima
357 1222 499 1276 populi
520 1223 712 1263 concione
735 1222 983 1263 vociferatus
1003 1232 1121 1270 esset,
1153 1222 1393 1276 exspiravit.

154 1281 285 1322 CAP.
309 1280 441 1322 VIII.
466 1280 624 1321 Interea
643 1281 913 1335 Agathocles,
943 1280 1218 1335 d⁵pr0fligatis
1239 1280 1281 1320 in
1307 1279 1453 1320 Africa
1474 1295 1536 1321 re-
1553 1287 1755 1330 Siciliaeimp-

92 1338 184 1391 bus,
212 1338 357 1380 tradito
377 1339 642 1394 Archagatho
661 1338 746 1379 filio
766 1337 961 1388 exercitu,
981 1338 1023 1378 in
1043 1338 1226 1378 Siciliam
1248 1337 1440 1379 recurrit:
1474 1337 1536 1378 ni·
1551 1333 1759 1404 {fuzmj‘p‘d-

92 1396 153 1437 hil
165 1405 302 1438 actum
317 1397 356 1437 in
367 1396 514 1437 Africa
526 1396 814 1446 existimans,si
828 1396 1004 1450 amplius
1017 1396 1228 1449 Syracusae
1241 1396 1536 1437 obsiderentur.
1552 1376 1745 1453 ramfxim

91 1453 209 1496 Nam
223 1465 311 1509 post
327 1455 508 1495 occisum
524 1455 816 1504 Hamilcarem,
829 1453 1031 1510 Gisgonis
1045 1455 1191 1504 filium,
1203 1469 1330 1495 novus
1346 1454 1393 1494 eo
1408 1454 1430 1493 ὲ
1446 1455 1536 1496 Poe-
1548 1465 1658 1509 eugw‘
1681 1462 1755 1501 inse-

92 1512 156 1553 nis
186 1513 332 1555 missus
353 1512 552 1554 exercitus
572 1513 720 1554 fuerat.
781 1512 924 1553 Statim
955 1511 1081 1567 igitur
1103 1512 1235 1566 primo
1255 1515 1431 1553 adventu
1450 1513 1537 1566 ejus
1550 1503 1740 1575 {ffye’sffg'·

94 1570 245 1613 Siciliae
257 1572 394 1622 urbes,
406 1570 553 1612 auditis
567 1571 688 1612 rebus
696 1585 798 1626 quas
815 1569 857 1610 in
873 1570 1016 1610 Africa
1031 1579 1223 1625 gesserat,
1239 1570 1425 1610 certatim
1441 1585 1481 1611 se
1498 1571 1533 1611 ei
1552 1588 1642 1617 Mo„
1658 1568 1736 1621 ,stt-‚4⁶5

93 1630 271 1670 tradunt:
289 1637 409 1684 atque
425 1629 482 1670 ita
496 1632 513 1658 ⁶
521 1628 653 1683 pulsis
668 1629 690 1670 ὲ
704 1628 843 1669 Sicilia
857 1627 1007 1678 Poenis,
1023 1628 1146 1669 totius
1160 1627 1302 1669 insulae
1314 1628 1368 1667 im
1375 1629 1612 1681 periumfihi-

630 1709 1007 1740 INTERPRETATIO.

133 1772 151 1794 ²
170 1774 338 1816 Agathocles
352 1786 412 1804 eum
427 1773 538 1804 necavit
558 1774 709 1809 incautum,
732 1773 792 1804 cim
874 1772 890 1791 ε
907 1773 977 1803 Illos
991 1785 1121 1803 accusans
1136 1771 1223 1814 qubd
1241 1774 1399 1804 occidimur
1414 1774 1537 1806 Hanno-

90 1817 177 1847 simut
187 1824 259 1858 sepe
278 1815 434 1853 coeni'ssent,
454 1823 480 1846 et
500 1818 664 1857 perfecisset
685 1817 792 1846 Mandis
831 1828 903 1850 nem,
928 1828 1006 1857 quem
1035 1815 1115 1846 moti
1142 1815 1255 1846 invidia
1283 1815 1536 1850 insimulavemnt

89 1860 257 1890 sermonibus
281 1866 309 1890 et
333 1859 550 1898 adulationihus,
569 1865 601 1889 ut
619 1859 654 1889 ab
669 1857 794 1900 Aphella
832 1856 908 1889 fals&
922 1860 1071 1900 affictandi
1085 1859 1174 1899 regni.

90 1900 224 1941 insiliam
238 1904 431 1944 adoptaretur.
872 1901 890 1925 <¹
907 1898 1070 1942 profligata
1087 1900 1215 1942 potentia
1229 1900 1534 1942 Carthaginiensium

135 1945 154 1970 b
170 1945 252 1975 Pani
275 1946 379 1975 reducti
400 1950 464 1974 sunt
485 1945 525 1974 ad
540 1949 650 1974 tantam
663 1945 792 1985 despera·
832 1945 860 1973 in
884 1943 1006 1984 Africa,
1029 1946 1180 1973 exercitum
1206 1946 1324 1974 tradidit
1348 1945 1534 1986 Archagatho

90 1986 202 2027 tionem,
223 1988 298 2018 clade
310 1987 422 2029 accepta*
436 1989 465 2018 in
479 1987 528 2018 hoc
546 1988 707 2018 certamine.
822 1985 900 2027 filio,
919 1992 945 2016 et
967 1987 1050 2016 rediit
1073 1987 1111 2058 ὑὲ
1128 1986 1268 2017 Siciliam.
1312 1989 1412 2029 Ayant
1432 1987 1540 2020 acheve‘

831 2027 952 2060 termini
959 2040 1007 2060 son
1021 2035 1090 2070 expe
1109 2030 1186 2059 ition.

1686 163 1768 198 193

1559 364 1573 382 ‘¹
1592 365 1635 393 lta
1659 366 1758 395 (ἶνιν.

718 2095 792 2126 No
808 2095 898 2127 ΤΕ.

136 2164 165 2193 1.
186 2161 254 2202 Ipse
278 2157 420 2202 venisset]
450 2160 513 2191 Per
537 2158 605 2190 loca
632 2158 728 2195 arida,
762 2165 792 2190 et
829 2160 910 2190 Cum
934 2157 1090 2190 Bomilcar
1110 2157 1281 2198 tyrannidis
1297 2157 1426 2198 cupidus
1440 2158 1532 2189 mise-

90 2203 164 2236 reris
198 2202 454 2245 serpentibusque
496 2201 615 2239 infesta,
658 2201 792 2233 duorum
829 2211 897 2232 rum
908 2201 991 2232 urbis
1000 2208 1113 2231 statum
1125 2207 1274 2235 cerneret,
1284 2200 1413 2241 vstipatus
1422 2200 1530 2232 militi-

88 2245 242 2277 mensium
256 2245 377 2276 itinere.
828 2243 884 2274 bus
895 2244 978 2274 cives
988 2253 1095 2274 omnes
1105 2242 1202 2273 occidi
1216 2241 1303 2283 jussit
1315 2254 1322 2279 ;
1337 2253 1444 2284 quare,
1458 2252 1529 2274 orto

133 2292 162 2320 2.
190 2289 338 2319 Incoueum
367 2286 535 2329 interfecit]
561 2285 707 2328 Plerique
734 2285 792 2316 mi·
826 2286 1008 2328 gravissimo
1029 2283 1180 2323 tumultu,
1200 2284 1347 2325 juventus
1367 2285 1529 2327 omnisque

88 2331 181 2363 litum
205 2329 388 2373 pabulatum
407 2329 556 2369 exierant,
577 2339 649 2359 cum
671 2327 793 2360 insidias
826 2328 940 2359 civium
956 2326 1127 2358 multitudo
1148 2337 1220 2357 cum
1245 2327 1339 2357 armis
1361 2327 1529 2365 advolant3

90 2372 148 2405 sibi
174 2381 295 2415 paratas
319 2371 478 2404 clamitans
492 2370 696 2413 Agathocles,
718 2381 789 2402 eum
826 2382 843 2401 e
867 2370 1033 2411 conjuratis
1055 2369 1130 2400 alios
1155 2376 1255 2404 necat,
1276 2369 1342 2400 aliis
1362 2380 1448 2400 arma
1471 2381 1527 2411 po-

89 2416 279 2458 imparatum
293 2415 424 2446 necavit.
466 2414 632 2445 Diodorus.
826 2412 971 2444 uentibus
995 2411 1105 2455 parcit,
1125 2418 1157 2442 et
1173 2411 1380 2443 Bomilcarem
1395 2412 1469 2443 diris
1484 2413 1528 2443 la-

133 2462 164 2490 3.
181 2460 280 2489 Gravi
301 2459 402 2498 prelio
425 2456 567 2499 superat]
597 2457 670 2487 Non
695 2454 789 2487 refert
827 2462 965 2486 ceratum
981 2454 1166 2486 cruciatibus
1180 2461 1295 2484 enecat.

90 2501 170 2532 hanc
195 2499 358 2532 victoriam
381 2499 549 2537 Diodorus,
570 2498 624 2530 sed
647 2498 789 2530 navalem
867 2502 896 2529 5.
908 2498 1077 2539 Prffligatis
1089 2495 1191 2539 rebus]
1207 2496 1525 2545 Cartliaginiensium:

88 2550 160 2587 post
175 2542 356 2574 Bomilcaris
369 2541 542 2573 interitum.
579 2552 591 2563 ·

133 2589 162 2617 4.
176 2587 321 2616 Bomilcar
335 2597 387 2616 rex
403 2583 576 2626 Pariorum]
599 2584 667 2615 Rex
678 2582 789 2615 dicitur

89 2627 163 2671 quia
182 2628 287 2658 Duces
300 2637 379 2670 saepe
395 2627 499 2669 Reges
512 2626 717 2668 appellantur,
739 2624 789 2655 vel

91 2670 164 2711 quia
191 2668 272 2701 forte
298 2669 364 2710 jam
393 2675 558 2711 occuparat
581 2667 788 2711 tyrannidem.

90 2712 176 2745 Illius
202 2719 338 2745 mortem
366 2710 455 2744 aliter
482 2718 587 2744 narrat
624 2710 789 2744 Diodorus.

825 2540 1018 2580 Agathocles
1033 2539 1117 2570 enim
1130 2549 1231 2580 nuper
1246 2541 1371 2570 Uticam
1390 2547 1525 2581 ceperat.

867 2587 897 2614 6.
911 2584 1009 2614 Pulsis
1035 2581 1049 2612 e*
1071 2580 1199 2621 Sicilia]
1225 2582 1297 2613 Non
1324 2591 1376 2611 eos
1397 2581 1526 2612 omnin&

825 2624 942 2666 expulit
956 2636 965 2663 3
986 2623 1039 2654 sed
1054 2623 1122 2654 illos
1137 2623 1238 2654 navali
1254 2623 1373 2664 praelio,
1387 2624 1526 2655 terrestri

826 2667 1057 2698 Xenodochum
1085 2664 1377 2710 Agragantinorum
1414 2665 1527 2699 ducem

824 2709 990 2754 superavit.
1221 2751 1261 2792 Ο
