1903 3076
568 175 681 216 LIB.
704 175 767 215 V.
796 175 927 216 CAP.
947 174 1081 216 VIII.
1330 223 1332 226 y
1626 212 1631 216 .
1707 188 1761 222 61

103 260 306 302 miscent:
338 261 432 313 jam
462 272 499 297 se
526 255 642 313 ᾔθεοι,
656 259 750 312 jam
783 256 904 311 ipsam
927 257 1108 312 patriam
1128 255 1362 313 peritnram,
1393 258 1558 298 miserio-

103 322 254 374 re‘mque
281 314 537 366 incolumium,
565 330 679 368 quam
709 315 928 355 amissorum
953 316 1162 369 fhrtztnam
1188 315 1408 369 judicantes
1422 331 1435 356 .·
1482 316 1559 356 sihi

102 377 254 432 quisque
284 383 371 415 ante
404 373 527 413 oculos
559 372 796 424 obsidionem,
817 374 987 428 samem,
1016 381 1051 411 et
1081 373 1277 426 superbum
1305 373 1557 428 victore'mqne

104 436 242 475 hostem
264 442 508 487 proponentes
524 446 538 471 .·
569 434 660 486 jam
695 431 846 471 ruinam
874 430 979 471 urbis
1008 441 1044 470 et
1073 430 1258 481 incendia,
1274 434 1365 486 jam
1394 432 1556 472 omnium

104 491 366 548 captivitatem
405 501 443 530 et
481 489 732 529 miserrimam
769 489 985 529 servitutem
1025 489 1264 528 recordantes
1278 504 1291 528 .·
1338 489 1559 543 aseliciores

98 550 262 608 prorsas
284 548 436 603 priores
465 547 573 587 urhis
601 547 734 587 ruinas
764 548 947 598 ducentes,
976 562 1058 601 quse
1091 545 1335 587 incolumibus
1349 547 1456 600 filiis
1476 553 1560 603 pa:

105 606 361 662 rentibu'sque,
390 616 572 647 tectorum
612 604 761 645 tantam
800 605 926 644 ruina*-
951 614 1097 645 taxatae
1126 604 1215 644 sint.
1284 605 1405 645 Nunc
1432 614 1557 645 autem

103 675 177 707 non
207 666 373 715 classem,
403 664 443 705 in
471 678 599 719 quam,
627 663 744 721 sicuti
764 663 930 718 pridem,
969 662 1204 718 confligium,
1232 674 1415 718 superesse
1428 682 1445 710 ,·
1485 678 1558 703 non

103 723 324 775 exercitum,
359 726 474 778 'cnjus
517 722 660 763 virtute
706 721 853 762 servati
878 721 1108 778 pulchriora
1143 730 1295 778 possent
1330 720 1464 762 moenz‘a
1491 736 1558 761 ex-

101 791 243 824 traete.
1706 829 1708 831 Ι

165 839 298 881 CAP.
314 837 444 880 VIII.
471 838 538 879 Sic
559 838 712 879 defletae
739 853 784 878 ac
805 838 932 891 prope
956 837 1122 890 perditae
1143 836 1236 878 urbi
1257 839 1396 878 hostes
1416 851 1557 890 super-
1569 828 1723 902 {ther-153

104 898 292 947 veniunt,
308 906 347 938 et
365 896 574 938 obsidione
597 896 866 936 circumdatos
885 896 998 935 fame
1014 905 1173 950 urgent.
1225 895 1416 937 Sciebant
1431 894 1557 947 enim,
1569 884 1733 955 ,affiz‘fqrffi

104 963 240 1012 neque
260 964 315 996 ex'
333 955 512 996 advectis
542 954 670 1008 copiis
699 954 881 994 multum
912 968 1136 1006 superesse,
1165 962 1204 993 et
1233 959 1311 994 ¹ne
1340 969 1458 994 novae
1488 954 1557 993 ad-
1569 960 1612 988 30
1625 964 1760 1007 tyrannos

106 1014 203 1055 vehi
225 1022 402 1067 possent,
419 1013 699 1067 providerant:
725 1012 875 1068 quibus
887 1012 1007 1052 malis
1026 1011 1293 1052 Atheniensis
1310 1011 1449 1061 fracti,
1464 1019 1556 1064 post
1569 1006 1762 1075 ᾕζζξῇὶε,.

105 1072 273 1128 longam
303 1072 473 1123 famem,
503 1081 541 1111 et
571 1071 734 1112 assidua
755 1086 921 1111 suorum
951 1071 1110 1121 funera,
1149 1073 1324 1123 ²pacem
1357 1069 1670 1123 petivere,b,-ad,·„
1735 1060 1744 1074 ⁹

105 1133 262 1185 quae'an
277 1131 362 1170 dari
384 1132 563 1181 deberet,
577 1129 648 1170 diu
669 1129 774 1169 inter
797 1129 1014 1181 Spartanos
1036 1128 1250 1182 sociosque
1270 1127 1556 1168 deliberatum.

107 1189 220 1230 Cum
256 1188 403 1228 3multi
432 1188 651 1229 delendum
682 1187 1002 1229 Atheniensium
1035 1201 1199 1236 nomen,
1233 1187 1463 1241 urbemque
1493 1185 1558 1225 in·
1616 1199 1617 1202 ’

106 1246 252 1287 cendio
277 1247 595 1286 consumendam
613 1255 845 1294 censerent3
876 1245 1075 1301 negarunt
1096 1261 1137 1285 se
1161 1243 1360 1297 Spartani,
1384 1259 1438 1283 ex
1456 1245 1559 1284 duo·
1573 1245 1768 1277 A.M..‘3649.

106 1305 184 1346 bus
204 1304 380 1346 Graeciae
402 1305 532 1345 oculis
562 1305 735 1344 alterum
756 1313 966 1344 eruturos:
999 1318 1144 1356 pacem
1174 1302 1364 1356 polliciti,
1393 1308 1408 1329 ⁴
1425 1301 1459 1342 si
1487 1303 1560 1341 de-
1573 1287 1754 1361 ῧξξέᾈςᾚὸ

106 1364 232 1404 missa
251 1367 267 1392 ⁵
280 1363 495 1418 Pyraeeum
516 1362 658 1402 versus
680 1361 787 1402 muri
803 1360 972 1402 brachia
991 1362 1221 1414 dejicerent,
1241 1361 1449 1414 navesque
1468 1374 1561 1415 quae
1573 1352 1768 1405 Amicii-”203⁴

107 1420 277 1476 reliquae
308 1422 456 1471 forent,
486 1422 700 1470 traderent,
729 1421 877 1474 resque
906 1420 1072 1473 publica
1102 1435 1155 1460 ex
1184 1417 1412 1472 semetipsis
1444 1421 1562 1458 ⁶xxx

107 1488 284 1520 rectores
302 1478 520 1532 acciperet.
581 1479 630 1518 In
650 1480 723 1519 has
743 1479 855 1533 leges
884 1477 1073 1518 traditam
1093 1478 1172 1532 sibi
1201 1478 1348 1517 urbem
1368 1476 1562 1517 Lacedae-

107 1538 237 1578 monii
268 1538 525 1578 formandam
560 1537 774 1591 Lysandro
808 1535 1067 1576 tradiderent.
1128 1535 1308 1591 Insignis
1335 1533 1405 1574 hic
1433 1548 1562 1574 annus

108 1605 148 1636 et
167 1595 472 1652 expugnatione
492 1596 766 1645 Athenarum,
798 1603 836 1635 et
865 1603 995 1635 morte
1026 1593 1163 1646 Darii,
1191 1592 1300 1650 regis
1328 1592 1563 1644 Persarum,

649 1723 1032 1756 INTERPRETATIO.

156 1806 173 1826 ²
209 1808 395 1839 Arbitrantes
415 1808 574 1849 feliciorem
587 1808 686 1848 fuisse
714 1807 818 1846 urbem,
850 1806 910 1837 ciam
926 1809 1016 1836 domus
1035 1805 1145 1836 tantam
1160 1813 1186 1836 et
1200 1811 1272 1836 tecta
1289 1806 1426 1835 destructa
1431 1803 1560 1844 fuerint,

114 1850 240 1892 quando
256 1850 342 1892 prins
357 1863 456 1882 eversa
469 1857 510 1882 est
531 1850 562 1881 in
584 1849 668 1881 bello
684 1849 818 1888 Persico,
850 1852 954 1880 civium
970 1849 1038 1880 vcro
1059 1856 1085 1879 et
1094 1849 1172 1891 filii,
1192 1855 1219 1879 et
1227 1855 1361 1890 parentes
1373 1848 1452 1878 salvi
1465 1851 1562 1878 essent,

756 1931 924 1963 NOTAE.

163 2009 190 2037 1.
205 2008 256 2038 Ne
270 2020 348 2039 πονε
365 2008 492 2051 advehi]
534 2008 627 2051 Agis,
648 2018 702 2039 rex
725 2009 822 2038 Lace·
858 2016 964 2037 omnes
979 2005 1089 2037 urbem
1100 2004 1286 2048 relinquere,
1297 2011 1330 2037 et
1342 2014 1418 2048 agro
1432 2013 1489 2036 suo
1499 2011 1565 2034 esse

117 2049 359 2090 daemoniorum,
373 2059 404 2082 et
419 2051 592 2092 Lysander,
607 2050 720 2081 coactis
729 2050 823 2081 totius
858 2058 1030 2091 contentos.
1125 2057 1128 2060 ·

118 2092 323 2134 Peloponnesi
357 2093 486 2133 viribus,
517 2094 652 2135 exceptis
684 2092 823 2134 Argivis,

116 2135 201 2166 terra
224 2135 366 2177 marique
390 2136 530 2167 Athenas
544 2136 740 2174 obsederant,
763 2137 824 2176 Py-

117 2177 299 2219 raeesmique
311 2189 383 2209 cum
401 2182 460 2210 150
471 2178 602 2210 navibus
617 2178 764 2210 tenebant
779 2178 824 2208 in-

117 2220 299 2262 terclusum,
314 2222 464 2252 Plutarch.

165 2267 193 2294 2.
207 2265 310 2294 Pacem
322 2264 476 2306 φεῦ-οὖα]
520 2263 612 2295 Velle
634 2275 664 2294 se
680 2265 824 2295 Lacedae-

120 2306 300 2337 moniorum
311 2306 408 2337 socios
418 2317 481 2337 esse
490 2306 675 2348 significant,
684 2306 827 2348 solosque

121 2348 208 2380 urbis
221 2358 328 2379 muros
342 2358 411 2380 cum
427 2360 552 2391 pyraeeo
567 2349 710 2380 retinere.

164 2395 194 2422 3.
209 2392 309 2422 Multi
322 2392 485 2434 delendum]
529 2391 683 2423 Corinthii
700 2401 826 2433 praeser-

122 2433 182 2466 tim
191 2441 222 2464 et
228 2433 375 2465 Thebani
385 2434 628 2465 Atheniensibus
636 2433 828 2464 infestissimi.

165 2480 196 2507 4.
210 2477 245 2508 Si
258 2477 404 2520 demissa]
451 2478 518 2508 Has
539 2477 622 2518 pacis
640 2476 830 2508 conditiones

124 2517 242 2551 habent
270 2520 421 2561 Xenoph.
444 2528 476 2551 et
507 2519 663 2551 Plutarch.
692 2526 727 2549 ut
748 2519 830 2549 muri

125 2560 212 2603 longi
222 2569 253 2592 et
263 2572 406 2603 pyraeeus
412 2563 717 2605 diruerentur-,naves
725 2571 832 2591 omnes

126 2610 242 2645 praeter
268 2607 306 2634 12
322 2604 491 2640 traderent,
513 2604 698 2635 reducerent
720 2603 834 2640 exules,

127 2645 262 2678 eundem
277 2657 349 2677 cum
371 2647 630 2684 Lacedaemoniis,
651 2655 682 2678 et
698 2647 831 2677 amicum

900 2095 929 2123 5.
945 2092 1118 2134 Pyraecum]
1154 2093 1268 2123 Portus
1282 2097 1348 2122 erat
1363 2086 1565 2121 Athenarum

859 2134 1041 2172 tutissimus,
1056 2136 1109 2176 qui
1124 2135 1221 2164 muris
1235 2133 1356 2164 duobus
1366 2132 1452 2174 quasi
1467 2131 1565 2162 cruri·

859 2177 915 2208 bus
924 2177 992 2207 urbi
1007 2177 1213 2219 jungebatur:
1231 2187 1267 2206 ea
1281 2183 1347 2207 erat
1361 2175 1443 2206 illius
1453 2174 1566 2216 ampli.

860 2220 947 2258 tudo,
964 2227 995 2249 ut
1006 2220 1303 2261 quadringentarum
1314 2226 1393 2249 esset
1405 2227 1499 2260 capax
1511 2227 1566 2248 na·

860 2262 961 2300 vium3
974 2263 1055 2292 unde
1064 2261 1290 2302 Aristophanes
1300 2261 1377 2291 dixit
1385 2259 1568 2291 Themisto-

859 2304 937 2335 clem
948 2315 1009 2335 non
1019 2315 1179 2346 pyraeeum
1187 2303 1268 2340 urbi,
1279 2304 1332 2334 sed
1341 2302 1452 2334 urbem
1460 2313 1566 2344 pyrae-

859 2358 896 2378 eo
911 2347 1053 2385 edidisse,
1067 2354 1098 2378 et
1113 2347 1152 2378 ad
1166 2356 1252 2377 mare
1266 2353 1383 2377 terram
1397 2343 1525 2387 aptasse.

902 2395 931 2421 6.
942 2400 1010 2420 xxx
1024 2389 1165 2432 rectora]
1176 2388 1286 2420 Refert
1294 2388 1454 2420 Diodorus
1463 2388 1567 2419 Athe-

861 2433 979 2463 nienses
993 2432 1085 2473 ipsos,
1095 2433 1171 2463 dum
1182 2429 1263 2462 inter
1272 2442 1302 2462 se
1315 2431 1354 2462 de
1365 2431 1455 2472 Reip.
1466 2430 1566 2461 admi-

863 2475 1026 2506 nistrandae
1042 2473 1143 2505 forma
1158 2474 1328 2515 disputant,
1341 2475 1432 2504 Samo
1447 2474 1567 2513 Lysan-

863 2518 954 2548 drum
967 2516 1147 2559 evocasse,a
1157 2527 1220 2558 quo
1232 2516 1306 2558 jussi
1317 2523 1387 2547 sunt
1402 2515 1517 2557 eligere
1525 2519 1569 2546 30

865 2561 956 2596 viros,
980 2559 1033 2601 qui
1055 2570 1104 2590 res
1125 2569 1233 2590 omnes
1256 2559 1493 2590 moderarentur
1505 2569 1514 2595 3
1536 2564 1570 2589 at

866 2603 1014 2644 Xenoph.
1029 2609 1061 2633 et
1076 2601 1233 2634 Plutarch.
1247 2601 1266 2632 a
1281 2600 1454 2644 Lysandro,
1471 2601 1572 2633 Lace-

867 2645 1096 2676 daemoniorum
1116 2645 1213 2684 jussu,
1227 2643 1259 2677 id
1279 2643 1397 2677 factum
1412 2653 1476 2676 esse
1497 2652 1572 2685 pro-

126 2689 250 2723 hostem
257 2688 417 2722 haberent.
439 2690 541 2723 Addit
548 2688 836 2731 Plutarchusjussos
867 2687 999 2721 babillus
1012 2686 1176 2720 affirmant.
