1903 3076
144 239 165 270 Κ.)

174 240 195 270 [ν

938 227 960 268 J
964 225 1171 269 USTINI

325 310 511 352 virorum
533 310 678 350 urbem
698 305 878 348 hostium
900 308 1116 357 obsideret,
1147 313 1163 332 Β
1180 321 1252 360 per
1279 305 1458 363 quietem
1488 307 1624 361 specie
1654 317 1778 352 tc-rvae

325 368 530 418 mulieris,
562 382 651 422 quae
673 381 712 406 se
736 368 854 406 deam
875 365 1047 414 dicebat,
1069 365 1297 415 exterritus,
1328 367 1436 406 ultro
1457 380 1603 419 pacem
1624 367 1780 409 Massi-

326 426 525 467 liensibus
547 426 646 466 fecit
666 442 677 474 3
711 424 921 477 petitoque
940 436 984 463 ut
1015 423 1163 462 intrare
1194 422 1255 463 illi
1276 424 1436 476 urbem,
1466 434 1504 464 et
1523 427 1617 466 deos
1638 440 1782 466 eorum

328 487 494 525 adorare
514 483 669 535 liceret,
689 483 786 522 curn
816 481 860 520 in
883 495 1019 522 arcem
1049 479 1252 522 Minervae
1272 481 1464 532 venisset,
1493 493 1710 537 conspecto
1737 483 1783 524 in

328 542 554 596 porticibus
585 541 804 583 simulacro
839 541 940 590 deae,
971 553 1093 593 quam
1123 553 1197 591 per
1217 538 1400 593 quietem
1420 540 1589 597 videret,
1618 543 1785 595 repente

330 602 549 651 exclamat,
571 600 691 640 Illam
713 614 784 639 esse
803 614 886 653 quae
905 613 940 636 se
958 607 1063 637 nocte
1078 598 1316 637 exterruisset
1332 616 1348 644 ;
1378 596 1501 648 illam,
1517 615 1599 654 quae
1618 601 1786 640 recedere

330 659 381 700 ab
403 657 589 699 obsidione
598 657 789 712 jussisset.
830 655 1156 710 Gratulatusque
1176 654 1520 706 Massiliensibus,
1538 658 1673 712 bquod
1694 657 1786 698 ani-

332 719 600 758 madverteret
614 731 681 756 eos
695 717 744 754 ad
758 729 898 754 curam
911 715 1078 754 deorum
1101 712 1398 753 immortalium
1410 713 1626 766 pertinere,
1641 724 1787 771 torque

333 790 456 816 aureo
477 774 621 814 donat-51
644 773 732 823 defi,
763 771 806 812 in
826 781 1070 825 perpetuum
1092 769 1316 811 amicitiam
1337 785 1431 811 cum
1453 771 1787 815 Massiliensibus

331 832 483 887 junxit.
530 831 648 872 Part&
671 845 783 884 pace,
804 840 843 871 et
863 830 1074 871 securitate
1095 829 1280 881 fundate,
1298 837 1543 871 revertentes
1564 830 1587 870 ὲ
1607 831 1788 885 Delphis

336 888 662 932 Massiliensium
674 888 814 945 legati,
827 888 911 944 quo
927 887 1042 942 missi
1056 901 1226 928 munera
1236 887 1426 940 Apollini
1443 889 1630 941 tulerant,
1642 890 1787 930 audie-

334 957 430 990 runt
451 949 597 988 urbem
620 948 850 989 Romanam
871 947 894 986 ὲ
917 946 1054 987 Gallis
1075 953 1253 999 captam,
1284 945 1590 1002 incenssmque.
1650 947 1788 1003 Quam

336 1021 424 1047 rem
454 1007 570 1047 domi
604 1005 836 1046 nunciatam
860 1005 1028 1058 publico
1061 1004 1203 1044 funere
1237 1004 1520 1046 Massilienses
1549 1005 1788 1060 prosequuti

336 1073 455 1107 sunt:
490 1064 719 1119 aurumque
746 1072 785 1104 et
803 1071 1018 1118 argentum
1048 1061 1264 1114 publicum
1293 1061 1584 1119 privatumque
1605 1065 1791 1105 contule-

335 1131 443 1172 runt,
465 1125 516 1163 ad
536 1123 784 1176 explendum
799 1123 957 1175 pondus
975 1120 1129 1172 Gallis,
1151 1121 1174 1160 ἐι
1193 1120 1342 1175 quibus
1361 1123 1615 1175 redemptam
1644 1136 1790 1175 pacem

337 1190 622 1236 cognoverant.
658 1182 726 1222 Ob
746 1182 854 1235 quod
873 1177 1083 1230 meritum,
1106 1187 1147 1219 et
1168 1185 1181 1202 ¹
1195 1178 1432 1220 immunitas
1451 1179 1534 1220 illis
1557 1182 1731 1231 decreta,
1751 1189 1793 1222 et

337 1240 452 1279 locus
473 1240 799 1292 spectaculorum
820 1245 834 1262 ²
847 1238 890 1278 in
911 1246 1050 1278 senatu
1068 1239 1200 1287 datus,
1230 1246 1269 1276 et
1290 1237 1420 1278 foedus
1444 1252 1562 1292 aequo
1589 1237 1680 1292 jure
1701 1253 1793 1293 per-

339 1312 518 1338 cussum.
562 1298 611 1337 In
634 1306 839 1350 postremo
857 1296 978 1346 libro,
1008 1295 1174 1350 Trogus
1191 1295 1367 1348 majores
1388 1311 1484 1336 suos
1503 1295 1527 1335 ὲ
1548 1295 1794 1339 ³Vocontiis

340 1355 543 1410 originem
559 1357 704 1396 ducere
720 1373 731 1403 ;
763 1370 887 1394 avum
907 1369 1027 1394 suum
1044 1354 1232 1408 Trogum
1249 1354 1509 1406 Pompeium,
1529 1361 1545 1383 ⁴
1561 1354 1792 1397 Sertoriano

339 1415 466 1465 bello,
486 1412 696 1454 civitatem
718 1413 740 1452 ὲ
766 1413 845 1453 Cn.
862 1411 1059 1465 Pompeio
1081 1411 1307 1465 percepisse
1334 1413 1434 1453 dicit
1452 1430 1460 1453 :
1494 1422 1684 1466 patruum
1705 1413 1793 1454 Mi-

301 1487 307 1495 *
340 1471 556 1513 thridatico
578 1472 686 1512 bello
708 1480 861 1511 turmas
890 1470 1075 1524 equitum
1106 1471 1181 1510 sub
1212 1472 1356 1510 eodem
1384 1469 1584 1523 Pompeio
1614 1470 1794 1524 duxisse,

340 1539 497 1583 patrem
517 1545 680 1586 quoque
709 1530 784 1569 sub
809 1528 911 1569 Caio
944 1528 1106 1569 Caesare
1136 1527 1345 1577 militasse,
1376 1528 1727 1586 epistolarumque
1753 1538 1796 1572 et

340 1587 629 1644 ⁵legationum,
651 1587 776 1628 simul
797 1596 836 1627 et
856 1586 1021 1627 ⁶annuli
1041 1601 1182 1648 curam
1201 1585 1408 1627 habuisse.

877 1698 1258 1730 INTERPRETATIO.

384 1776 400 1797 ²
421 1776 558 1807 Com-mit
567 1783 674 1818 pacem,
689 1776 858 1815 terrefactus
866 1780 919 1814 per
929 1784 1050 1803 somnum
1126 1772 1145 1798 b
1178 1773 1259 1812 Quad
1278 1774 1388 1806 videret
1411 1777 1470 1807 deos
1496 1775 1667 1811 immortales
1694 1789 1796 1811 curare
1825 1806 1831 1807 γ

331 1819 436 1863 figur&
449 1821 575 1850 mulieris
589 1821 684 1856 iratae,
696 1830 756 1860 quae
769 1830 798 1848 se
810 1817 915 1847 dicebat
926 1818 1017 1847 dcam.
1082 1827 1174 1847 eorum
1186 1817 1314 1847 salutem.

984 1914 1154 1946 NOTAE.

395 1999 422 2028 1.
444 1991 642 2035 Immunitas]
686 1993 718 2023 A
734 1990 859 2022 tributis
872 1996 903 2021 et
919 1990 1056 2031 vectiga-
1133 1994 1162 2022 8.
1179 1991 1346 2034 Vocontiis]
1390 1991 1501 2024 Galliae
1516 1993 1728 2026 Narbonensis
1739 2003 1796 2038 po.

352 2038 450 2077 libusg
479 2036 616 2068 multum
639 2035 723 2066 enim
747 2035 874 2064 interest
898 2033 1057 2064 civitatem
1089 2033 1180 2075 pulis,
1195 2045 1265 2075 quae
1279 2045 1355 2077 gens
1369 2036 1519 2066 Romanis
1530 2036 1691 2069 soederata.

351 2083 433 2113 inter
452 2088 484 2112 et
509 2078 762 2110 immunitatem:
787 2076 870 2106 unde
895 2076 1058 2107 Suetonius
1131 2080 1162 2107 4.
1185 2078 1352 2109 Sertoriano
1374 2079 1470 2121 bella]
1514 2081 1608 2121 Quod
1631 2080 1797 2119 Sertorius,

349 2126 381 2157 in
392 2128 559 2166 Augusto:
587 2123 739 2152 Civitatem
754 2121 882 2161 negavit,
896 2122 1053 2150 immunita·
1087 2129 1126 2149 ex
1142 2119 1295 2150 Marianis
1315 2120 1465 2162 partibu8‚
1488 2130 1594 2153 contra
1609 2121 1749 2164 Syllanos
1763 2123 1796 2153 in

345 2175 401 2199 tem
416 2168 524 2199 obtulit.
569 2163 706 2195 Romani
718 2162 921 2204 imperatores
943 2162 1057 2193 Massi·
1090 2161 1239 2204 Hispanis
1264 2162 1317 2194 din
1340 2162 1419 2194 mira
1440 2163 1623 2196 fortitudine
1645 2174 1677 2196 et
1699 2165 1797 2197 felici-

343 2210 421 2242 liam
449 2208 488 2240 ab
515 2207 600 2239 omni
629 2205 749 2238 tributo
777 2204 908 2236 liberam
935 2214 1057 2247 semper
1089 2213 1151 2235 tate
1166 2206 1270 2247 gessit,
1294 2206 1326 2236 in
1341 2206 1486 2238 convivio
1509 2209 1636 2239 tandem
1652 2208 1798 2250 Pompeii

346 2250 577 2285 conservarunt.
1085 2248 1168 2289 jussu
1184 2256 1317 2280 necatus.

390 2300 418 2327 2.
441 2297 478 2325 In
499 2300 597 2325 senatu
617 2289 722 2334 datus]
766 2291 839 2322 Hoc
862 2297 919 2324 est.
940 2289 971 2320 in
995 2291 1054 2321 Or·
1130 2294 1160 2323 5.
1181 2291 1391 2334 Legationum]
1435 2293 1623 2335 Legationes
1643 2293 1796 2335 suscipere

347 2337 479 2376 chesn-31,
501 2346 554 2367 seu
577 2336 607 2366 in
630 2335 698 2366 loco
723 2333 762 2365 ad
793 2333 907 2376 tbeatri
935 2334 1057 2364 ‘radices
1089 2332 1143 2364 sub
1158 2334 1379 2375 posterioribus
1402 2335 1591 2379 principibus
1609 2346 1724 2368 munus
1735 2335 1795 2369 fuit

346 2392 446 2413 scenae
460 2380 615 2423 proximo,
631 2389 668 2409 ex
684 2387 746 2419 quo
761 2375 940 2419 spectabant
963 2378 1056 2407 Sena-
1089 2376 1233 2418 Magistri
1249 2375 1431 2408 officiorum.

347 2435 440 2456 tores.
496 2424 541 2453 lta
565 2422 739 2457 Suetonius.
760 2427 885 2461 spectare
904 2422 932 2449 in
957 2422 1056 2460 equite,
1131 2424 1161 2451 6.
1176 2422 1285 2450 Ammu
1297 2419 1417 2462 curam]
1441 2420 1475 2451 ld
1490 2422 1625 2453 muneris
1641 2421 1799 2463 Agrippa·

347 2467 379 2498 td
394 2476 450 2503 est.
477 2466 508 2496 in
522 2464 715 2507 equestribus
731 2461 895 2494 subselliis:
921 2462 961 2492 Et
975 2463 1056 2492 Tcr-
1090 2470 1122 2493 et
1139 2463 1307 2494 Mecaenati
1322 2462 1360 2493 ab
1377 2467 1522 2506 Augusto
1545 2473 1577 2496 et
1601 2465 1754 2496 Muciano
1777 2464 1796 2497 a

345 2510 502 2544 tullianus,
524 2515 615 2538 aret-te
637 2514 732 2538 senatu
753 2514 780 2536 et
802 2507 900 2548 equite,
921 2503 980 2537 hoc
1002 2511 1060 2542 est,
1094 2505 1281 2548 Vespasiano
1297 2506 1506 2539 commissum.
1539 2508 1591 2539 Ex
1611 2508 1711 2540 Dieuc.

347 2550 574 2593 honestioribus
588 2549 703 2582 theatri
717 2547 801 2580 locis.
