<?xml version="1.0" encoding="UTF-8"?>
<!DOCTYPE html PUBLIC "-//W3C//DTD XHTML 1.0 Transitional//EN"
    "http://www.w3.org/TR/xhtml1/DTD/xhtml1-transitional.dtd">
<html xmlns="http://www.w3.org/1999/xhtml" xml:lang="en" lang="en">
 <head>
  <title>
</title>
<meta http-equiv="Content-Type" content="text/html;charset=utf-8" />
  <meta name='ocr-system' content='tesseract 3.04.00' />
  <meta name='ocr-capabilities' content='ocr_page ocr_carea ocr_par ocr_line ocrx_word'/>
</head>
<body>
  <div class='ocr_page' id='page_1' title='image "./dehistoriisphili00just_0219.png"; bbox 0 0 1903 3076; ppageno 0'>
   <div class='ocr_carea' id='block_1_1' title="bbox 572 174 1802 237">
    <p class='ocr_par' dir='ltr' id='par_1_1' title="bbox 572 174 1802 237">
     <span class='ocr_line' id='line_1_1' title="bbox 572 174 1802 237; baseline 0.011 -15"><span class='ocrx_word' id='word_1_1' title='bbox 572 179 682 223; x_wconf 89' lang='lat' dir='ltr'>LIB.</span> <span class='ocrx_word' id='word_1_2' title='bbox 706 174 887 224; x_wconf 87' lang='lat' dir='ltr'>XXIII.</span> <span class='ocrx_word' id='word_1_3' title='bbox 930 183 1062 225; x_wconf 87' lang='lat' dir='ltr'>CAP.</span> <span class='ocrx_word' id='word_1_4' title='bbox 1087 178 1148 226; x_wconf 91' lang='lat'>11.</span> <span class='ocrx_word' id='word_1_5' title='bbox 1718 199 1802 237; x_wconf 74' lang='lat'>197</span> 
     </span>
    </p>
   </div>
   <div class='ocr_carea' id='block_1_2' title="bbox 133 248 1791 2225">
    <p class='ocr_par' dir='ltr' id='par_1_2' title="bbox 140 248 1583 307">
     <span class='ocr_line' id='line_1_2' title="bbox 140 248 1583 307; baseline 0.003 -17"><span class='ocrx_word' id='word_1_6' title='bbox 140 248 393 305; x_wconf 83' lang='lat' dir='ltr'>Agathocles</span> <span class='ocrx_word' id='word_1_7' title='bbox 413 250 460 289; x_wconf 86' lang='lat' dir='ltr'>ad</span> <span class='ocrx_word' id='word_1_8' title='bbox 483 264 639 291; x_wconf 89' lang='lat' dir='ltr'>coenam</span> <span class='ocrx_word' id='word_1_9' title='bbox 668 250 873 301; x_wconf 88' lang='lat' dir='ltr'>invitatos,</span> <span class='ocrx_word' id='word_1_10' title='bbox 906 267 956 292; x_wconf 91' lang='lat' dir='ltr'>ne</span> <span class='ocrx_word' id='word_1_11' title='bbox 976 253 1199 294; x_wconf 85' lang='lat' dir='ltr'>exercitum</span> <span class='ocrx_word' id='word_1_12' title='bbox 1219 252 1350 307; x_wconf 86' lang='lat' dir='ltr'>trajici</span> <span class='ocrx_word' id='word_1_13' title='bbox 1382 251 1583 304; x_wconf 81' lang='lat' dir='ltr'>viderent,</span> 
     </span>
    </p>

    <p class='ocr_par' dir='ltr' id='par_1_3' title="bbox 139 307 1583 423">
     <span class='ocr_line' id='line_1_3' title="bbox 139 307 1582 362; baseline 0.004 -15"><span class='ocrx_word' id='word_1_14' title='bbox 139 307 181 347; x_wconf 87' lang='lat' dir='ltr'>in</span> <span class='ocrx_word' id='word_1_15' title='bbox 205 317 404 361; x_wconf 88' lang='lat' dir='ltr'>posterum</span> <span class='ocrx_word' id='word_1_16' title='bbox 428 309 573 349; x_wconf 67' lang='lat' dir='ltr'>statuta</span> <span class='ocrx_word' id='word_1_17' title='bbox 595 308 657 349; x_wconf 89' lang='lat' dir='ltr'>his</span> <span class='ocrx_word' id='word_1_18' title='bbox 676 309 758 361; x_wconf 86' lang='lat' dir='ltr'>die,</span> <span class='ocrx_word' id='word_1_19' title='bbox 777 311 993 351; x_wconf 63' lang='lat' dir='ltr'>conscensa</span> <span class='ocrx_word' id='word_1_20' title='bbox 1015 325 1132 362; x_wconf 84' lang='lat' dir='ltr'>nave,</span> <span class='ocrx_word' id='word_1_21' title='bbox 1152 311 1365 352; x_wconf 89' lang='lat' dir='ltr'>frustratus</span> <span class='ocrx_word' id='word_1_22' title='bbox 1385 320 1460 352; x_wconf 87' lang='lat' dir='ltr'>est.</span> <span class='ocrx_word' id='word_1_23' title='bbox 1502 313 1582 354; x_wconf 85' lang='lat' dir='ltr'>Sed</span> 
     </span>
     <span class='ocr_line' id='line_1_4' title="bbox 139 365 1583 423; baseline 0.003 -18"><span class='ocrx_word' id='word_1_24' title='bbox 139 365 293 406; x_wconf 87' lang='lat' dir='ltr'>fraudis</span> <span class='ocrx_word' id='word_1_25' title='bbox 316 368 423 406; x_wconf 89' lang='lat' dir='ltr'>haud</span> <span class='ocrx_word' id='word_1_26' title='bbox 444 367 559 407; x_wconf 83' lang='lat' dir='ltr'>laetus</span> <span class='ocrx_word' id='word_1_27' title='bbox 579 377 746 408; x_wconf 83' lang='lat' dir='ltr'>eventus</span> <span class='ocrx_word' id='word_1_28' title='bbox 765 367 863 409; x_wconf 86' lang='lat' dir='ltr'>fuit:</span> <span class='ocrx_word' id='word_1_29' title='bbox 888 367 1089 423; x_wconf 72' lang='lat' dir='ltr'>siquidem</span> <span class='ocrx_word' id='word_1_30' title='bbox 1107 369 1251 409; x_wconf 88' lang='lat' dir='ltr'>reverti</span> <span class='ocrx_word' id='word_1_31' title='bbox 1272 385 1366 410; x_wconf 89' lang='lat' dir='ltr'>eum</span> <span class='ocrx_word' id='word_1_32' title='bbox 1387 370 1429 410; x_wconf 91' lang='lat' dir='ltr'>in</span> <span class='ocrx_word' id='word_1_33' title='bbox 1446 369 1583 411; x_wconf 86' lang='lat' dir='ltr'>Sicili-</span> 
     </span>
    </p>

    <p class='ocr_par' dir='ltr' id='par_1_4' title="bbox 136 423 1580 656">
     <span class='ocr_line' id='line_1_5' title="bbox 141 423 1579 482; baseline 0.003 -19"><span class='ocrx_word' id='word_1_34' title='bbox 141 438 223 474; x_wconf 85' lang='lat' dir='ltr'>am,</span> <span class='ocrx_word' id='word_1_35' title='bbox 241 424 456 477; x_wconf 86' lang='lat' dir='ltr'>interjectis</span> <span class='ocrx_word' id='word_1_36' title='bbox 477 423 615 477; x_wconf 85' lang='lat' dir='ltr'>paucis</span> <span class='ocrx_word' id='word_1_37' title='bbox 636 424 790 476; x_wconf 88' lang='lat' dir='ltr'>diebus,</span> <span class='ocrx_word' id='word_1_38' title='bbox 814 426 877 466; x_wconf 92' lang='lat' dir='ltr'>vis</span> <span class='ocrx_word' id='word_1_39' title='bbox 893 426 1024 466; x_wconf 88' lang='lat' dir='ltr'>morbi</span> <span class='ocrx_word' id='word_1_40' title='bbox 1045 426 1195 481; x_wconf 70' lang='lat' dir='ltr'>coegit,</span> <span class='ocrx_word' id='word_1_41' title='bbox 1215 443 1298 482; x_wconf 92' lang='lat' dir='ltr'>quo</span> <span class='ocrx_word' id='word_1_42' title='bbox 1315 437 1396 468; x_wconf 91' lang='lat' dir='ltr'>toto</span> <span class='ocrx_word' id='word_1_43' title='bbox 1412 443 1579 482; x_wconf 88' lang='lat' dir='ltr'>corpore</span> 
     </span>
     <span class='ocr_line' id='line_1_6' title="bbox 138 484 1579 539; baseline 0.004 -18"><span class='ocrx_word' id='word_1_44' title='bbox 138 484 468 534; x_wconf 83' lang='lat' dir='ltr'>comprehensus,</span> <span class='ocrx_word' id='word_1_45' title='bbox 488 485 506 510; x_wconf 75' lang='lat' dir='ltr'>b</span> <span class='ocrx_word' id='word_1_46' title='bbox 517 498 586 535; x_wconf 87' lang='lat' dir='ltr'>per</span> <span class='ocrx_word' id='word_1_47' title='bbox 601 498 741 525; x_wconf 84' lang='lat' dir='ltr'>ornnes</span> <span class='ocrx_word' id='word_1_48' title='bbox 757 499 901 524; x_wconf 88' lang='lat' dir='ltr'>nervos</span> <span class='ocrx_word' id='word_1_49' title='bbox 915 484 1186 539; x_wconf 69' lang='lat' dir='ltr'>articulosque</span> <span class='ocrx_word' id='word_1_50' title='bbox 1200 487 1370 525; x_wconf 87' lang='lat' dir='ltr'>humore</span> <span class='ocrx_word' id='word_1_51' title='bbox 1386 486 1579 539; x_wconf 86' lang='lat' dir='ltr'>pestifero</span> 
     </span>
     <span class='ocr_line' id='line_1_7' title="bbox 137 541 1580 599; baseline 0.003 -19"><span class='ocrx_word' id='word_1_52' title='bbox 137 549 359 595; x_wconf 76' lang='lat' dir='ltr'>grassante,</span> <span class='ocrx_word' id='word_1_53' title='bbox 378 541 491 581; x_wconf 86' lang='lat' dir='ltr'>velut</span> <span class='ocrx_word' id='word_1_54' title='bbox 512 541 698 582; x_wconf 88' lang='lat' dir='ltr'>intestino</span> <span class='ocrx_word' id='word_1_55' title='bbox 713 542 969 597; x_wconf 87' lang='lat' dir='ltr'>singulorum</span> <span class='ocrx_word' id='word_1_56' title='bbox 984 543 1264 583; x_wconf 88' lang='lat' dir='ltr'>membrorum</span> <span class='ocrx_word' id='word_1_57' title='bbox 1283 544 1393 584; x_wconf 90' lang='lat' dir='ltr'>bello</span> <span class='ocrx_word' id='word_1_58' title='bbox 1413 544 1580 599; x_wconf 90' lang='lat' dir='ltr'>impug-</span> 
     </span>
     <span class='ocr_line' id='line_1_8' title="bbox 136 598 1578 656; baseline 0.004 -20"><span class='ocrx_word' id='word_1_59' title='bbox 136 598 323 637; x_wconf 85' lang='lat' dir='ltr'>nabatur.</span> <span class='ocrx_word' id='word_1_60' title='bbox 385 598 450 638; x_wconf 81' lang='lat' dir='ltr'>Ex</span> <span class='ocrx_word' id='word_1_61' title='bbox 467 598 547 653; x_wconf 69' lang='lat' dir='ltr'>qua</span> <span class='ocrx_word' id='word_1_62' title='bbox 563 599 838 652; x_wconf 80' lang='lat' dir='ltr'>desperatione</span> <span class='ocrx_word' id='word_1_63' title='bbox 857 600 1013 640; x_wconf 86' lang='lat' dir='ltr'>bellum</span> <span class='ocrx_word' id='word_1_64' title='bbox 1031 599 1137 640; x_wconf 88' lang='lat' dir='ltr'>inter</span> <span class='ocrx_word' id='word_1_65' title='bbox 1151 600 1285 641; x_wconf 88' lang='lat' dir='ltr'>filium</span> <span class='ocrx_word' id='word_1_66' title='bbox 1303 603 1578 656; x_wconf 75' lang='lat' dir='ltr'>nepotemque</span> 
     </span>
    </p>

    <p class='ocr_par' dir='ltr' id='par_1_5' title="bbox 134 654 1578 770">
     <span class='ocr_line' id='line_1_9' title="bbox 136 654 1577 712; baseline 0.003 -18"><span class='ocrx_word' id='word_1_67' title='bbox 136 654 238 708; x_wconf 85' lang='lat' dir='ltr'>ejus,</span> <span class='ocrx_word' id='word_1_68' title='bbox 256 670 427 710; x_wconf 82' lang='lat' dir='ltr'>regnum</span> <span class='ocrx_word' id='word_1_69' title='bbox 445 657 529 710; x_wconf 89' lang='lat' dir='ltr'>jam</span> <span class='ocrx_word' id='word_1_70' title='bbox 551 656 667 712; x_wconf 87' lang='lat' dir='ltr'>quasi</span> <span class='ocrx_word' id='word_1_71' title='bbox 688 657 838 698; x_wconf 89' lang='lat' dir='ltr'>mortui</span> <span class='ocrx_word' id='word_1_72' title='bbox 853 657 1152 699; x_wconf 85' lang='lat' dir='ltr'>vindicantibus</span> <span class='ocrx_word' id='word_1_73' title='bbox 1171 658 1316 699; x_wconf 85' lang='lat' dir='ltr'>oritur:</span> <span class='ocrx_word' id='word_1_74' title='bbox 1340 659 1474 701; x_wconf 90' lang='lat' dir='ltr'>occiso</span> <span class='ocrx_word' id='word_1_75' title='bbox 1489 659 1577 700; x_wconf 87' lang='lat' dir='ltr'>filio</span> 
     </span>
     <span class='ocr_line' id='line_1_10' title="bbox 134 714 1578 770; baseline 0.005 -19"><span class='ocrx_word' id='word_1_76' title='bbox 134 726 306 767; x_wconf 86' lang='lat' dir='ltr'>regnum</span> <span class='ocrx_word' id='word_1_77' title='bbox 330 720 476 767; x_wconf 88' lang='lat' dir='ltr'>¹nepos</span> <span class='ocrx_word' id='word_1_78' title='bbox 496 714 723 768; x_wconf 90' lang='lat' dir='ltr'>occupavit.</span> <span class='ocrx_word' id='word_1_79' title='bbox 775 715 904 770; x_wconf 84' lang='lat' dir='ltr'>Igitur</span> <span class='ocrx_word' id='word_1_80' title='bbox 925 717 1190 770; x_wconf 79' lang='lat' dir='ltr'>Agathocles,</span> <span class='ocrx_word' id='word_1_81' title='bbox 1209 717 1330 758; x_wconf 67' lang='lat' dir='ltr'>cesim</span> <span class='ocrx_word' id='word_1_82' title='bbox 1350 717 1485 759; x_wconf 86' lang='lat' dir='ltr'>morbi</span> <span class='ocrx_word' id='word_1_83' title='bbox 1508 733 1578 758; x_wconf 91' lang='lat' dir='ltr'>cu-</span> 
     </span>
    </p>

    <p class='ocr_par' dir='ltr' id='par_1_6' title="bbox 134 771 1746 1004">
     <span class='ocr_line' id='line_1_11' title="bbox 135 771 1575 828; baseline 0.005 -18"><span class='ocrx_word' id='word_1_84' title='bbox 135 784 196 818; x_wconf 83' lang='lat' dir='ltr'>ra,</span> <span class='ocrx_word' id='word_1_85' title='bbox 217 784 254 811; x_wconf 78' lang='lat' dir='ltr'>et</span> <span class='ocrx_word' id='word_1_86' title='bbox 277 771 469 827; x_wconf 81' lang='lat' dir='ltr'>aegritudo</span> <span class='ocrx_word' id='word_1_87' title='bbox 490 773 694 828; x_wconf 82' lang='lat' dir='ltr'>graviores</span> <span class='ocrx_word' id='word_1_88' title='bbox 708 782 852 823; x_wconf 88' lang='lat' dir='ltr'>essent,</span> <span class='ocrx_word' id='word_1_89' title='bbox 868 782 910 814; x_wconf 87' lang='lat' dir='ltr'>et</span> <span class='ocrx_word' id='word_1_90' title='bbox 926 774 1030 814; x_wconf 82' lang='lat' dir='ltr'>inter</span> <span class='ocrx_word' id='word_1_91' title='bbox 1046 788 1086 815; x_wconf 90' lang='lat' dir='ltr'>se</span> <span class='ocrx_word' id='word_1_92' title='bbox 1103 775 1274 816; x_wconf 84' lang='lat' dir='ltr'>alterum</span> <span class='ocrx_word' id='word_1_93' title='bbox 1290 775 1453 816; x_wconf 87' lang='lat' dir='ltr'>alterius</span> <span class='ocrx_word' id='word_1_94' title='bbox 1464 777 1575 817; x_wconf 92' lang='lat' dir='ltr'>malo</span> 
     </span>
     <span class='ocr_line' id='line_1_12' title="bbox 135 830 1746 891; baseline 0.002 -22"><span class='ocrx_word' id='word_1_95' title='bbox 135 841 343 878; x_wconf 84' lang='lat' dir='ltr'>cresceret,</span> <span class='ocrx_word' id='word_1_96' title='bbox 359 830 576 884; x_wconf 79' lang='lat' dir='ltr'>desperatis</span> <span class='ocrx_word' id='word_1_97' title='bbox 595 833 726 881; x_wconf 70' lang='lat' dir='ltr'>rebus,</span> <span class='ocrx_word' id='word_1_98' title='bbox 742 846 913 872; x_wconf 80' lang='lat' dir='ltr'>uxorem</span> <span class='ocrx_word' id='word_1_99' title='bbox 928 836 1044 872; x_wconf 84' lang='lat' dir='ltr'>suam</span> <span class='ocrx_word' id='word_1_100' title='bbox 1058 831 1269 873; x_wconf 79' lang='lat' dir='ltr'>Texenam</span> <span class='ocrx_word' id='word_1_101' title='bbox 1279 836 1320 885; x_wconf 68' lang='lat'>³¹⁵,</span> <span class='ocrx_word' id='word_1_102' title='bbox 1335 834 1572 890; x_wconf 73' lang='lat' dir='ltr'>genitosque</span> <span class='ocrx_word' id='word_1_103' title='bbox 1590 844 1606 862; x_wconf 66' lang='lat'>⁸*</span> <span class='ocrx_word' id='word_1_104' title='bbox 1624 842 1746 891; x_wconf 63' lang='lat' dir='ltr'>Theoge-</span> 
     </span>
     <span class='ocr_line' id='line_1_13' title="bbox 135 885 1726 947; baseline 0.005 -22"><span class='ocrx_word' id='word_1_105' title='bbox 135 900 188 926; x_wconf 84' lang='lat' dir='ltr'>ex</span> <span class='ocrx_word' id='word_1_106' title='bbox 210 887 255 926; x_wconf 65' lang='lat' dir='ltr'>ea</span> <span class='ocrx_word' id='word_1_107' title='bbox 277 890 376 928; x_wconf 86' lang='lat' dir='ltr'>duos</span> <span class='ocrx_word' id='word_1_108' title='bbox 399 889 603 941; x_wconf 83' lang='lat' dir='ltr'>parvulos,</span> <span class='ocrx_word' id='word_1_109' title='bbox 633 904 727 930; x_wconf 92' lang='lat' dir='ltr'>cum</span> <span class='ocrx_word' id='word_1_110' title='bbox 748 889 860 930; x_wconf 87' lang='lat' dir='ltr'>omni</span> <span class='ocrx_word' id='word_1_111' title='bbox 880 889 1069 944; x_wconf 76' lang='lat' dir='ltr'>pecunia,</span> <span class='ocrx_word' id='word_1_112' title='bbox 1099 899 1137 931; x_wconf 91' lang='lat' dir='ltr'>et</span> <span class='ocrx_word' id='word_1_113' title='bbox 1157 890 1332 943; x_wconf 70' lang='lat' dir='ltr'>familia,</span> <span class='ocrx_word' id='word_1_114' title='bbox 1363 891 1572 947; x_wconf 86' lang='lat' dir='ltr'>regalique</span> <span class='ocrx_word' id='word_1_115' title='bbox 1586 898 1650 917; x_wconf 58' lang='grc' dir='ltr'>’Μ’</span> <span class='ocrx_word' id='word_1_116' title='bbox 1665 885 1726 919; x_wconf 71' lang='lat'><strong>²¹²¹·</strong></span> 
     </span>
     <span class='ocr_line' id='line_1_14' title="bbox 134 942 1574 1004; baseline 0.005 -20"><span class='ocrx_word' id='word_1_117' title='bbox 134 942 416 997; x_wconf 77' lang='lat' dir='ltr'>instrumento,</span> <span class='ocrx_word' id='word_1_118' title='bbox 444 962 526 1001; x_wconf 91' lang='lat' dir='ltr'>quo</span> <span class='ocrx_word' id='word_1_119' title='bbox 557 956 699 1000; x_wconf 83' lang='lat' dir='ltr'>praeter</span> <span class='ocrx_word' id='word_1_120' title='bbox 728 946 851 988; x_wconf 89' lang='lat' dir='ltr'>illum</span> <span class='ocrx_word' id='word_1_121' title='bbox 880 962 1000 988; x_wconf 87' lang='lat' dir='ltr'>nemo</span> <span class='ocrx_word' id='word_1_122' title='bbox 1029 963 1171 1004; x_wconf 86' lang='lat' dir='ltr'>regum</span> <span class='ocrx_word' id='word_1_123' title='bbox 1193 948 1314 990; x_wconf 86' lang='lat' dir='ltr'>ditior</span> <span class='ocrx_word' id='word_1_124' title='bbox 1333 949 1427 999; x_wconf 84' lang='lat' dir='ltr'>fuit,</span> <span class='ocrx_word' id='word_1_125' title='bbox 1459 950 1574 991; x_wconf 89' lang='lat' dir='ltr'>navi-</span> 
     </span>
    </p>

    <p class='ocr_par' dir='ltr' id='par_1_7' title="bbox 134 1003 1575 1121">
     <span class='ocr_line' id='line_1_15' title="bbox 134 1003 1573 1059; baseline 0.004 -17"><span class='ocrx_word' id='word_1_126' title='bbox 134 1003 212 1042; x_wconf 90' lang='lat' dir='ltr'>bus</span> <span class='ocrx_word' id='word_1_127' title='bbox 243 1003 467 1056; x_wconf 83' lang='lat' dir='ltr'>impositos,</span> <span class='ocrx_word' id='word_1_128' title='bbox 498 1005 747 1059; x_wconf 82' lang='lat' dir='ltr'>AEgyptum,</span> <span class='ocrx_word' id='word_1_129' title='bbox 776 1007 883 1046; x_wconf 86' lang='lat' dir='ltr'>unde</span> <span class='ocrx_word' id='word_1_130' title='bbox 912 1020 1083 1046; x_wconf 81' lang='lat' dir='ltr'>uxorem</span> <span class='ocrx_word' id='word_1_131' title='bbox 1111 1015 1337 1059; x_wconf 83' lang='lat' dir='ltr'>acceperat,</span> <span class='ocrx_word' id='word_1_132' title='bbox 1371 1007 1573 1058; x_wconf 86' lang='lat' dir='ltr'>remittit;</span> 
     </span>
     <span class='ocr_line' id='line_1_16' title="bbox 136 1059 1575 1121; baseline 0.006 -22"><span class='ocrx_word' id='word_1_133' title='bbox 136 1059 282 1101; x_wconf 85' lang='lat' dir='ltr'>timens</span> <span class='ocrx_word' id='word_1_134' title='bbox 301 1077 350 1101; x_wconf 88' lang='lat' dir='ltr'>ne</span> <span class='ocrx_word' id='word_1_135' title='bbox 374 1064 603 1115; x_wconf 81' lang='lat' dir='ltr'>praedonem</span> <span class='ocrx_word' id='word_1_136' title='bbox 625 1066 741 1118; x_wconf 87' lang='lat' dir='ltr'>regni</span> <span class='ocrx_word' id='word_1_137' title='bbox 762 1063 824 1104; x_wconf 92' lang='lat' dir='ltr'>sui</span> <span class='ocrx_word' id='word_1_138' title='bbox 844 1067 1001 1105; x_wconf 85' lang='lat' dir='ltr'>hostem</span> <span class='ocrx_word' id='word_1_139' title='bbox 1023 1073 1266 1117; x_wconf 88' lang='lat' dir='ltr'>paterentur.</span> <span class='ocrx_word' id='word_1_140' title='bbox 1326 1065 1575 1121; x_wconf 67' lang='lat' dir='ltr'>Quanquam</span> 
     </span>
    </p>

    <p class='ocr_par' dir='ltr' id='par_1_8' title="bbox 135 1119 1573 1176">
     <span class='ocr_line' id='line_1_17' title="bbox 135 1119 1573 1176; baseline 0.006 -19"><span class='ocrx_word' id='word_1_141' title='bbox 135 1132 241 1158; x_wconf 74' lang='lat' dir='ltr'>uxor</span> <span class='ocrx_word' id='word_1_142' title='bbox 261 1119 347 1169; x_wconf 82' lang='lat' dir='ltr'>diu,</span> <span class='ocrx_word' id='word_1_143' title='bbox 377 1136 426 1160; x_wconf 92' lang='lat' dir='ltr'>ne</span> <span class='ocrx_word' id='word_1_144' title='bbox 448 1122 497 1160; x_wconf 88' lang='lat' dir='ltr'>ab</span> <span class='ocrx_word' id='word_1_145' title='bbox 519 1135 626 1173; x_wconf 75' lang='lat' dir='ltr'>aegro</span> <span class='ocrx_word' id='word_1_146' title='bbox 646 1123 922 1173; x_wconf 87' lang='lat' dir='ltr'>divelleretur,</span> <span class='ocrx_word' id='word_1_147' title='bbox 952 1123 1163 1176; x_wconf 87' lang='lat' dir='ltr'>deprecata</span> <span class='ocrx_word' id='word_1_148' title='bbox 1180 1131 1255 1174; x_wconf 86' lang='lat' dir='ltr'>est,</span> <span class='ocrx_word' id='word_1_149' title='bbox 1275 1124 1352 1164; x_wconf 64' lang='lat' dir='ltr'>dne</span> <span class='ocrx_word' id='word_1_150' title='bbox 1375 1124 1573 1165; x_wconf 83' lang='lat' dir='ltr'>discessus</span> 
     </span>
    </p>

    <p class='ocr_par' dir='ltr' id='par_1_9' title="bbox 136 1178 1588 1292">
     <span class='ocr_line' id='line_1_18' title="bbox 136 1178 1588 1233; baseline 0.006 -18"><span class='ocrx_word' id='word_1_151' title='bbox 136 1191 232 1216; x_wconf 91' lang='lat' dir='ltr'>suus</span> <span class='ocrx_word' id='word_1_152' title='bbox 252 1178 416 1233; x_wconf 84' lang='lat' dir='ltr'>adjungi</span> <span class='ocrx_word' id='word_1_153' title='bbox 438 1180 594 1231; x_wconf 86' lang='lat' dir='ltr'>nepotis</span> <span class='ocrx_word' id='word_1_154' title='bbox 614 1179 829 1231; x_wconf 77' lang='lat' dir='ltr'>parricidio</span> <span class='ocrx_word' id='word_1_155' title='bbox 848 1189 981 1233; x_wconf 65' lang='lat' dir='ltr'>posset</span> <span class='ocrx_word' id='word_1_156' title='bbox 1000 1198 1011 1228; x_wconf 91' lang='lat'>;</span> <span class='ocrx_word' id='word_1_157' title='bbox 1043 1190 1082 1221; x_wconf 87' lang='lat' dir='ltr'>et</span> <span class='ocrx_word' id='word_1_158' title='bbox 1102 1190 1185 1220; x_wconf 89' lang='lat' dir='ltr'>tam</span> <span class='ocrx_word' id='word_1_159' title='bbox 1203 1182 1367 1222; x_wconf 73' lang='lat' dir='ltr'>cruente</span> <span class='ocrx_word' id='word_1_160' title='bbox 1399 1184 1484 1223; x_wconf 87' lang='lat' dir='ltr'>haec</span> <span class='ocrx_word' id='word_1_161' title='bbox 1506 1185 1588 1222; x_wconf 64' lang='lat' dir='ltr'>de-*</span> 
     </span>
     <span class='ocr_line' id='line_1_19' title="bbox 137 1234 1574 1292; baseline 0.006 -19"><span class='ocrx_word' id='word_1_162' title='bbox 137 1234 307 1275; x_wconf 86' lang='lat' dir='ltr'>seruisse</span> <span class='ocrx_word' id='word_1_163' title='bbox 324 1235 470 1282; x_wconf 86' lang='lat' dir='ltr'>virum,</span> <span class='ocrx_word' id='word_1_164' title='bbox 491 1237 612 1290; x_wconf 74' lang='lat' dir='ltr'>quam</span> <span class='ocrx_word' id='word_1_165' title='bbox 632 1237 702 1279; x_wconf 85' lang='lat' dir='ltr'>ille</span> <span class='ocrx_word' id='word_1_166' title='bbox 718 1238 977 1292; x_wconf 69' lang='lat' dir='ltr'>impugnasse</span> <span class='ocrx_word' id='word_1_167' title='bbox 994 1253 1117 1278; x_wconf 88' lang='lat' dir='ltr'>avum</span> <span class='ocrx_word' id='word_1_168' title='bbox 1134 1238 1337 1279; x_wconf 80' lang='lat' dir='ltr'>videretur</span> <span class='ocrx_word' id='word_1_169' title='bbox 1352 1258 1363 1288; x_wconf 89' lang='lat'>;</span> <span class='ocrx_word' id='word_1_170' title='bbox 1386 1240 1574 1281; x_wconf 80' lang='lat' dir='ltr'><em>Nubendo</em></span> 
     </span>
    </p>

    <p class='ocr_par' dir='ltr' id='par_1_10' title="bbox 134 1295 1574 1352">
     <span class='ocr_line' id='line_1_20' title="bbox 134 1295 1574 1352; baseline 0.003 -18"><span class='ocrx_word' id='word_1_171' title='bbox 134 1310 170 1335; x_wconf 85' lang='lat' dir='ltr'>se</span> <span class='ocrx_word' id='word_1_172' title='bbox 189 1310 258 1334; x_wconf 89' lang='lat' dir='ltr'>non</span> <span class='ocrx_word' id='word_1_173' title='bbox 280 1305 475 1350; x_wconf 84' lang='lat' dir='ltr'>prosperae</span> <span class='ocrx_word' id='word_1_174' title='bbox 493 1296 660 1343; x_wconf 55' lang='lat' dir='ltr'>tantam,</span> <span class='ocrx_word' id='word_1_175' title='bbox 689 1298 755 1336; x_wconf 85' lang='lat' dir='ltr'>sed</span> <span class='ocrx_word' id='word_1_176' title='bbox 771 1296 889 1336; x_wconf 83' lang='lat' dir='ltr'>omnis</span> <span class='ocrx_word' id='word_1_177' title='bbox 898 1298 1079 1352; x_wconf 75' lang='lat' dir='ltr'>fbrtunae</span> <span class='ocrx_word' id='word_1_178' title='bbox 1098 1295 1220 1337; x_wconf 81' lang='lat' dir='ltr'>iniisse</span> <span class='ocrx_word' id='word_1_179' title='bbox 1237 1297 1449 1339; x_wconf 81' lang='lat' dir='ltr'>societatem</span> <span class='ocrx_word' id='word_1_180' title='bbox 1467 1315 1480 1347; x_wconf 82' lang='grc'>,·</span> <span class='ocrx_word' id='word_1_181' title='bbox 1507 1313 1574 1338; x_wconf 87' lang='lat' dir='ltr'>nec</span> 
     </span>
    </p>

    <p class='ocr_par' dir='ltr' id='par_1_11' title="bbox 134 1347 1575 1526">
     <span class='ocr_line' id='line_1_21' title="bbox 137 1347 1575 1412; baseline 0.001 -18"><span class='ocrx_word' id='word_1_182' title='bbox 137 1357 153 1376; x_wconf 72' lang='lat'><strong>⁶</strong></span> <span class='ocrx_word' id='word_1_183' title='bbox 165 1353 326 1394; x_wconf 78' lang='lat' dir='ltr'>invitam</span> <span class='ocrx_word' id='word_1_184' title='bbox 347 1353 517 1409; x_wconf 86' lang='lat' dir='ltr'>periculo</span> <span class='ocrx_word' id='word_1_185' title='bbox 545 1353 706 1409; x_wconf 53' lang='lat' dir='ltr'>spiritns</span> <span class='ocrx_word' id='word_1_186' title='bbox 726 1355 788 1395; x_wconf 84' lang='lat' dir='ltr'>sui</span> <span class='ocrx_word' id='word_1_187' title='bbox 803 1364 1029 1411; x_wconf 73' lang='lat' dir='ltr'>empturum,</span> <span class='ocrx_word' id='word_1_188' title='bbox 1057 1365 1100 1395; x_wconf 81' lang='lat' dir='ltr'>ut</span> <span class='ocrx_word' id='word_1_189' title='bbox 1118 1364 1300 1396; x_wconf 80' lang='lat' dir='ltr'>extremos</span> <span class='ocrx_word' id='word_1_190' title='bbox 1319 1347 1402 1397; x_wconf 69' lang='lat' dir='ltr'>vz⁴ri</span> <span class='ocrx_word' id='word_1_191' title='bbox 1414 1355 1575 1412; x_wconf 71' lang='lat' dir='ltr'>spiritus·</span> 
     </span>
     <span class='ocr_line' id='line_1_22' title="bbox 135 1412 1573 1468; baseline 0.003 -17"><span class='ocrx_word' id='word_1_192' title='bbox 135 1412 347 1467; x_wconf 81' lang='lat' dir='ltr'>exciperet,·</span> <span class='ocrx_word' id='word_1_193' title='bbox 375 1416 412 1452; x_wconf 79' lang='lat' dir='ltr'>&#39;et</span> <span class='ocrx_word' id='word_1_194' title='bbox 440 1412 676 1465; x_wconf 77' lang='lat' dir='ltr'>exequiarum</span> <span class='ocrx_word' id='word_1_195' title='bbox 706 1412 880 1465; x_wconf 63' lang='lat' dir='ltr'>officium,</span> <span class='ocrx_word' id='word_1_196' title='bbox 911 1412 950 1453; x_wconf 88' lang='lat' dir='ltr'>in</span> <span class='ocrx_word' id='word_1_197' title='bbox 981 1413 1089 1467; x_wconf 77' lang='lat' dir='ltr'>quod,</span> <span class='ocrx_word' id='word_1_198' title='bbox 1110 1415 1292 1468; x_wconf 58' lang='lat' dir='ltr'>prosecta*</span> <span class='ocrx_word' id='word_1_199' title='bbox 1319 1430 1370 1465; x_wconf 85' lang='lat' dir='ltr'>se,</span> <span class='ocrx_word' id='word_1_200' title='bbox 1399 1429 1501 1455; x_wconf 85' lang='lat' dir='ltr'>nemo</span> <span class='ocrx_word' id='word_1_201' title='bbox 1520 1413 1573 1455; x_wconf 79' lang='lat' dir='ltr'>sit</span> 
     </span>
     <span class='ocr_line' id='line_1_23' title="bbox 134 1469 1573 1526; baseline 0.001 -16"><span class='ocrx_word' id='word_1_202' title='bbox 134 1486 365 1511; x_wconf 83' lang='lat' dir='ltr'>successurus</span> <span class='ocrx_word' id='word_1_203' title='bbox 384 1470 550 1524; x_wconf 72' lang='lat' dir='ltr'>obsequio</span> <span class='ocrx_word' id='word_1_204' title='bbox 570 1469 704 1510; x_wconf 64' lang='lat' dir='ltr'>debitae</span> <span class='ocrx_word' id='word_1_205' title='bbox 716 1471 874 1526; x_wconf 78' lang='lat' dir='ltr'>pietatis</span> <span class='ocrx_word' id='word_1_206' title='bbox 888 1470 1069 1525; x_wconf 81' lang='lat' dir='ltr'>impleret.</span> <span class='ocrx_word' id='word_1_207' title='bbox 1108 1470 1376 1512; x_wconf 88' lang='lat' dir='ltr'>Discedentes</span> <span class='ocrx_word' id='word_1_208' title='bbox 1397 1471 1573 1525; x_wconf 88' lang='lat' dir='ltr'>parvuli,</span> 
     </span>
    </p>

    <p class='ocr_par' dir='ltr' id='par_1_12' title="bbox 135 1528 1574 1641">
     <span class='ocr_line' id='line_1_24' title="bbox 135 1528 1574 1583; baseline 0.001 -14"><span class='ocrx_word' id='word_1_209' title='bbox 135 1529 258 1569; x_wconf 76' lang='lat' dir='ltr'>flebili</span> <span class='ocrx_word' id='word_1_210' title='bbox 288 1530 446 1569; x_wconf 89' lang='lat' dir='ltr'>ululatu</span> <span class='ocrx_word' id='word_1_211' title='bbox 467 1528 646 1581; x_wconf 82' lang='lat' dir='ltr'>amplexi</span> <span class='ocrx_word' id='word_1_212' title='bbox 667 1541 824 1582; x_wconf 83' lang='lat' dir='ltr'>patrem</span> <span class='ocrx_word' id='word_1_213' title='bbox 842 1530 1045 1569; x_wconf 84' lang='lat' dir='ltr'>tenebant.</span> <span class='ocrx_word' id='word_1_214' title='bbox 1104 1528 1174 1569; x_wconf 84' lang='lat' dir='ltr'>Ex</span> <span class='ocrx_word' id='word_1_215' title='bbox 1194 1529 1316 1570; x_wconf 64' lang='lat' dir='ltr'>altera</span> <span class='ocrx_word' id='word_1_216' title='bbox 1339 1540 1450 1583; x_wconf 88' lang='lat' dir='ltr'>parte</span> <span class='ocrx_word' id='word_1_217' title='bbox 1469 1544 1574 1570; x_wconf 81' lang='lat' dir='ltr'>uxor</span> 
     </span>
     <span class='ocr_line' id='line_1_25' title="bbox 135 1585 1574 1641; baseline 0.001 -14"><span class='ocrx_word' id='word_1_218' title='bbox 135 1586 327 1627; x_wconf 81' lang='lat' dir='ltr'>maritum</span> <span class='ocrx_word' id='word_1_219' title='bbox 361 1602 439 1627; x_wconf 85' lang='lat' dir='ltr'>non</span> <span class='ocrx_word' id='word_1_220' title='bbox 471 1586 652 1639; x_wconf 72' lang='lat' dir='ltr'>amplius</span> <span class='ocrx_word' id='word_1_221' title='bbox 679 1586 832 1636; x_wconf 83' lang='lat' dir='ltr'>visura,</span> <span class='ocrx_word' id='word_1_222' title='bbox 860 1586 1012 1627; x_wconf 88' lang='lat' dir='ltr'>osculis</span> <span class='ocrx_word' id='word_1_223' title='bbox 1039 1585 1248 1641; x_wconf 84' lang='lat' dir='ltr'>fatigabat.</span> <span class='ocrx_word' id='word_1_224' title='bbox 1307 1588 1400 1628; x_wconf 92' lang='lat' dir='ltr'>Nec</span> <span class='ocrx_word' id='word_1_225' title='bbox 1434 1587 1574 1628; x_wconf 74' lang='lat' dir='ltr'>minus</span> 
     </span>
    </p>

    <p class='ocr_par' dir='ltr' id='par_1_13' title="bbox 136 1643 1574 1699">
     <span class='ocr_line' id='line_1_26' title="bbox 136 1643 1574 1699; baseline 0 -13"><span class='ocrx_word' id='word_1_226' title='bbox 136 1646 242 1686; x_wconf 86' lang='lat' dir='ltr'>senis</span> <span class='ocrx_word' id='word_1_227' title='bbox 271 1646 463 1699; x_wconf 79' lang='lat' dir='ltr'>lacrymae</span> <span class='ocrx_word' id='word_1_228' title='bbox 492 1643 742 1685; x_wconf 86' lang='lat' dir='ltr'>miserabiles</span> <span class='ocrx_word' id='word_1_229' title='bbox 771 1654 895 1684; x_wconf 88' lang='lat' dir='ltr'>erant.</span> <span class='ocrx_word' id='word_1_230' title='bbox 955 1645 1123 1685; x_wconf 87' lang='lat' dir='ltr'>Flebant</span> <span class='ocrx_word' id='word_1_231' title='bbox 1153 1645 1196 1684; x_wconf 89' lang='lat' dir='ltr'>hi</span> <span class='ocrx_word' id='word_1_232' title='bbox 1231 1644 1472 1686; x_wconf 87' lang='lat' dir='ltr'>morientem</span> <span class='ocrx_word' id='word_1_233' title='bbox 1502 1660 1574 1698; x_wconf 88' lang='lat' dir='ltr'>pa-</span> 
     </span>
    </p>

    <p class='ocr_par' dir='ltr' id='par_1_14' title="bbox 134 1701 1572 1757">
     <span class='ocr_line' id='line_1_27' title="bbox 134 1701 1572 1757; baseline 0.001 -15"><span class='ocrx_word' id='word_1_234' title='bbox 134 1713 269 1752; x_wconf 87' lang='lat' dir='ltr'>trem;</span> <span class='ocrx_word' id='word_1_235' title='bbox 300 1703 370 1743; x_wconf 89' lang='lat' dir='ltr'>ille</span> <span class='ocrx_word' id='word_1_236' title='bbox 401 1704 541 1743; x_wconf 78' lang='lat' dir='ltr'>exules</span> <span class='ocrx_word' id='word_1_237' title='bbox 569 1702 744 1743; x_wconf 85' lang='lat' dir='ltr'>liberos:</span> <span class='ocrx_word' id='word_1_238' title='bbox 778 1702 821 1742; x_wconf 92' lang='lat' dir='ltr'>hi</span> <span class='ocrx_word' id='word_1_239' title='bbox 852 1701 1030 1742; x_wconf 85' lang='lat' dir='ltr'>discessu</span> <span class='ocrx_word' id='word_1_240' title='bbox 1049 1717 1121 1742; x_wconf 91' lang='lat' dir='ltr'>suo</span> <span class='ocrx_word' id='word_1_241' title='bbox 1142 1702 1402 1743; x_wconf 86' lang='lat' dir='ltr'>solitudinem</span> <span class='ocrx_word' id='word_1_242' title='bbox 1431 1703 1572 1757; x_wconf 88' lang='lat' dir='ltr'>patris,</span> 
     </span>
    </p>

    <p class='ocr_par' dir='ltr' id='par_1_15' title="bbox 136 1760 1573 1817">
     <span class='ocr_line' id='line_1_28' title="bbox 136 1760 1573 1817; baseline 0 -15"><span class='ocrx_word' id='word_1_243' title='bbox 136 1761 231 1817; x_wconf 80' lang='lat' dir='ltr'>aegri</span> <span class='ocrx_word' id='word_1_244' title='bbox 255 1762 380 1810; x_wconf 86' lang='lat' dir='ltr'>senis;</span> <span class='ocrx_word' id='word_1_245' title='bbox 414 1761 482 1801; x_wconf 88' lang='lat' dir='ltr'>ille</span> <span class='ocrx_word' id='word_1_246' title='bbox 502 1760 543 1800; x_wconf 90' lang='lat' dir='ltr'>in</span> <span class='ocrx_word' id='word_1_247' title='bbox 565 1775 679 1814; x_wconf 82' lang='lat' dir='ltr'>spem</span> <span class='ocrx_word' id='word_1_248' title='bbox 699 1761 812 1816; x_wconf 82' lang='lat' dir='ltr'>regni</span> <span class='ocrx_word' id='word_1_249' title='bbox 832 1770 1036 1813; x_wconf 89' lang='lat' dir='ltr'>susceptos</span> <span class='ocrx_word' id='word_1_250' title='bbox 1055 1761 1230 1815; x_wconf 85' lang='lat' dir='ltr'>relinqui</span> <span class='ocrx_word' id='word_1_251' title='bbox 1251 1760 1294 1800; x_wconf 92' lang='lat' dir='ltr'>in</span> <span class='ocrx_word' id='word_1_252' title='bbox 1317 1770 1490 1816; x_wconf 87' lang='lat' dir='ltr'>egestate</span> <span class='ocrx_word' id='word_1_253' title='bbox 1510 1762 1573 1801; x_wconf 90' lang='lat' dir='ltr'>lu-</span> 
     </span>
    </p>

    <p class='ocr_par' dir='ltr' id='par_1_16' title="bbox 133 1818 1791 2049">
     <span class='ocr_line' id='line_1_29' title="bbox 135 1818 1787 1876; baseline 0.001 -17"><span class='ocrx_word' id='word_1_254' title='bbox 135 1822 269 1876; x_wconf 80' lang='lat' dir='ltr'>gebat.</span> <span class='ocrx_word' id='word_1_255' title='bbox 333 1819 442 1859; x_wconf 82' lang='lat' dir='ltr'>Inter</span> <span class='ocrx_word' id='word_1_256' title='bbox 471 1820 556 1859; x_wconf 86' lang='lat' dir='ltr'>haec</span> <span class='ocrx_word' id='word_1_257' title='bbox 585 1818 697 1873; x_wconf 85' lang='lat' dir='ltr'>regia</span> <span class='ocrx_word' id='word_1_258' title='bbox 726 1818 872 1868; x_wconf 86' lang='lat' dir='ltr'>omnis,</span> <span class='ocrx_word' id='word_1_259' title='bbox 901 1818 1173 1859; x_wconf 87' lang='lat' dir='ltr'>assistentium</span> <span class='ocrx_word' id='word_1_260' title='bbox 1202 1819 1358 1860; x_wconf 85' lang='lat' dir='ltr'>fletibus</span> <span class='ocrx_word' id='word_1_261' title='bbox 1377 1829 1459 1860; x_wconf 88' lang='lat' dir='ltr'>tam</span> <span class='ocrx_word' id='word_1_262' title='bbox 1479 1834 1570 1860; x_wconf 85' lang='lat' dir='ltr'>cru·</span> <span class='ocrx_word' id='word_1_263' title='bbox 1586 1828 1787 1861; x_wconf 76' lang='lat' dir='ltr'><strong>A.M.3774.</strong></span> 
     </span>
     <span class='ocr_line' id='line_1_30' title="bbox 133 1870 1774 1945; baseline 0.001 -27"><span class='ocrx_word' id='word_1_264' title='bbox 133 1878 235 1918; x_wconf 90' lang='lat' dir='ltr'>delis</span> <span class='ocrx_word' id='word_1_265' title='bbox 256 1877 419 1918; x_wconf 86' lang='lat' dir='ltr'>discidii</span> <span class='ocrx_word' id='word_1_266' title='bbox 448 1876 631 1929; x_wconf 85' lang='lat' dir='ltr'>impleta,</span> <span class='ocrx_word' id='word_1_267' title='bbox 650 1878 876 1917; x_wconf 84' lang='lat' dir='ltr'>resonabat.</span> <span class='ocrx_word' id='word_1_268' title='bbox 934 1877 1119 1917; x_wconf 79' lang='lat' dir='ltr'>&#39;landem</span> <span class='ocrx_word' id='word_1_269' title='bbox 1140 1878 1264 1917; x_wconf 88' lang='lat' dir='ltr'>finem</span> <span class='ocrx_word' id='word_1_270' title='bbox 1287 1877 1482 1932; x_wconf 87' lang='lat' dir='ltr'>lacrymis</span> <span class='ocrx_word' id='word_1_271' title='bbox 1501 1894 1572 1920; x_wconf 88' lang='lat' dir='ltr'>ne·</span> <span class='ocrx_word' id='word_1_272' title='bbox 1586 1870 1774 1945; x_wconf 51' lang='lat' dir='ltr'>3¹·blg5471g3</span> 
     </span>
     <span class='ocr_line' id='line_1_31' title="bbox 135 1925 1791 1992; baseline 0.001 -16"><span class='ocrx_word' id='word_1_273' title='bbox 135 1936 301 1976; x_wconf 83' lang='lat' dir='ltr'>cessitas</span> <span class='ocrx_word' id='word_1_274' title='bbox 322 1933 582 1988; x_wconf 88' lang='lat' dir='ltr'>profectionis</span> <span class='ocrx_word' id='word_1_275' title='bbox 600 1933 811 1987; x_wconf 83' lang='lat' dir='ltr'>imposuit,</span> <span class='ocrx_word' id='word_1_276' title='bbox 834 1942 876 1976; x_wconf 84' lang='lat' dir='ltr'>et</span> <span class='ocrx_word' id='word_1_277' title='bbox 893 1949 1002 1975; x_wconf 88' lang='lat' dir='ltr'>mors</span> <span class='ocrx_word' id='word_1_278' title='bbox 1024 1934 1133 1990; x_wconf 88' lang='lat' dir='ltr'>regis</span> <span class='ocrx_word' id='word_1_279' title='bbox 1153 1934 1450 1987; x_wconf 76' lang='lat' dir='ltr'>proficiscentes</span> <span class='ocrx_word' id='word_1_280' title='bbox 1469 1937 1573 1978; x_wconf 88' lang='lat' dir='ltr'>filios</span> <span class='ocrx_word' id='word_1_281' title='bbox 1586 1925 1791 1992; x_wconf 50' lang='grc' dir='ltr'>Αὲῑζρζῃὲζ</span> 
     </span>
     <span class='ocr_line' id='line_1_32' title="bbox 134 1992 1573 2049; baseline -0.001 -15"><span class='ocrx_word' id='word_1_282' title='bbox 134 1994 348 2048; x_wconf 88' lang='lat' dir='ltr'>insequuta</span> <span class='ocrx_word' id='word_1_283' title='bbox 377 2003 448 2033; x_wconf 89' lang='lat' dir='ltr'>est.</span> <span class='ocrx_word' id='word_1_284' title='bbox 511 1993 626 2033; x_wconf 81' lang='lat' dir='ltr'>Du=n</span> <span class='ocrx_word' id='word_1_285' title='bbox 657 1994 742 2033; x_wconf 85' lang='lat' dir='ltr'>haec</span> <span class='ocrx_word' id='word_1_286' title='bbox 774 2002 964 2046; x_wconf 79' lang='lat' dir='ltr'>aguntur,</span> <span class='ocrx_word' id='word_1_287' title='bbox 997 1992 1368 2047; x_wconf 85' lang='lat' dir='ltr'>Carthaginienses,</span> <span class='ocrx_word' id='word_1_288' title='bbox 1401 1994 1573 2049; x_wconf 82' lang='lat' dir='ltr'>cognitis</span> 
     </span>
    </p>

    <p class='ocr_par' dir='ltr' id='par_1_17' title="bbox 133 2049 1573 2107">
     <span class='ocr_line' id='line_1_33' title="bbox 133 2049 1573 2107; baseline 0.001 -15"><span class='ocrx_word' id='word_1_289' title='bbox 133 2067 225 2106; x_wconf 88' lang='lat' dir='ltr'>quae</span> <span class='ocrx_word' id='word_1_290' title='bbox 246 2052 287 2092; x_wconf 88' lang='lat' dir='ltr'>in</span> <span class='ocrx_word' id='word_1_291' title='bbox 312 2050 448 2091; x_wconf 69' lang='lat' dir='ltr'>Sicilia</span> <span class='ocrx_word' id='word_1_292' title='bbox 470 2052 709 2105; x_wconf 86' lang='lat' dir='ltr'>agebantur,</span> <span class='ocrx_word' id='word_1_293' title='bbox 738 2049 992 2107; x_wconf 82' lang='lat' dir='ltr'>occasionem</span> <span class='ocrx_word' id='word_1_294' title='bbox 1010 2049 1132 2090; x_wconf 83' lang='lat' dir='ltr'>totius</span> <span class='ocrx_word' id='word_1_295' title='bbox 1163 2051 1307 2090; x_wconf 88' lang='lat' dir='ltr'>insulae</span> <span class='ocrx_word' id='word_1_296' title='bbox 1327 2055 1573 2106; x_wconf 84' lang='lat' dir='ltr'>occupandae</span> 
     </span>
    </p>

    <p class='ocr_par' dir='ltr' id='par_1_18' title="bbox 133 2107 1572 2163">
     <span class='ocr_line' id='line_1_34' title="bbox 133 2107 1572 2163; baseline 0.001 -13"><span class='ocrx_word' id='word_1_297' title='bbox 133 2113 269 2150; x_wconf 83' lang='lat' dir='ltr'>datam</span> <span class='ocrx_word' id='word_1_298' title='bbox 302 2108 379 2150; x_wconf 89' lang='lat' dir='ltr'>sibi</span> <span class='ocrx_word' id='word_1_299' title='bbox 409 2108 699 2159; x_wconf 76' lang='lat' dir='ltr'>existimantes,</span> <span class='ocrx_word' id='word_1_300' title='bbox 727 2107 888 2163; x_wconf 83' lang='lat' dir='ltr'>magnis</span> <span class='ocrx_word' id='word_1_301' title='bbox 913 2108 1069 2150; x_wconf 89' lang='lat' dir='ltr'>viribus</span> <span class='ocrx_word' id='word_1_302' title='bbox 1089 2108 1136 2150; x_wconf 77' lang='lat' dir='ltr'>eo</span> <span class='ocrx_word' id='word_1_303' title='bbox 1156 2107 1373 2162; x_wconf 81' lang='lat' dir='ltr'>trajiciunt,</span> <span class='ocrx_word' id='word_1_304' title='bbox 1403 2110 1572 2152; x_wconf 70' lang='lat' dir='ltr'>multas-</span> 
     </span>
    </p>

    <p class='ocr_par' dir='ltr' id='par_1_19' title="bbox 135 2166 647 2225">
     <span class='ocr_line' id='line_1_35' title="bbox 135 2166 647 2225; baseline -0.006 -16"><span class='ocrx_word' id='word_1_305' title='bbox 135 2183 215 2225; x_wconf 89' lang='lat' dir='ltr'>que</span> <span class='ocrx_word' id='word_1_306' title='bbox 235 2167 420 2208; x_wconf 82' lang='lat' dir='ltr'>civitates</span> <span class='ocrx_word' id='word_1_307' title='bbox 439 2166 647 2221; x_wconf 85' lang='lat' dir='ltr'>subigunt.</span> 
     </span>
    </p>
   </div>
   <div class='ocr_carea' id='block_1_3' title="bbox 135 2223 1571 2354">
    <p class='ocr_par' dir='ltr' id='par_1_20' title="bbox 135 2223 1571 2354">
     <span class='ocr_line' id='line_1_36' title="bbox 669 2223 1045 2256; baseline 0.008 -3"><span class='ocrx_word' id='word_1_308' title='bbox 669 2223 1045 2256; x_wconf 75' lang='lat' dir='ltr'>INTERPRETATIO.</span> 
     </span>
     <span class='ocr_line' id='line_1_37' title="bbox 179 2266 1569 2311; baseline 0.001 -12"><span class='ocrx_word' id='word_1_309' title='bbox 179 2268 195 2288; x_wconf 78' lang='lat'>²</span> <span class='ocrx_word' id='word_1_310' title='bbox 214 2270 269 2300; x_wconf 86' lang='lat' dir='ltr'>Eos</span> <span class='ocrx_word' id='word_1_311' title='bbox 293 2269 396 2309; x_wconf 68' lang='lat' dir='ltr'>decnpit</span> <span class='ocrx_word' id='word_1_312' title='bbox 419 2266 558 2298; x_wconf 59' lang='lat' dir='ltr'>conscensi?</span> <span class='ocrx_word' id='word_1_313' title='bbox 586 2278 670 2305; x_wconf 79' lang='lat' dir='ltr'>nave,</span> <span class='ocrx_word' id='word_1_314' title='bbox 692 2267 832 2308; x_wconf 78' lang='lat' dir='ltr'>pollicitus</span> <span class='ocrx_word' id='word_1_315' title='bbox 912 2266 930 2292; x_wconf 80' lang='lat' dir='ltr'>d</span> <span class='ocrx_word' id='word_1_316' title='bbox 948 2268 998 2298; x_wconf 80' lang='lat' dir='ltr'>Ne</span> <span class='ocrx_word' id='word_1_317' title='bbox 1015 2269 1144 2299; x_wconf 79' lang='lat' dir='ltr'>discessus</span> <span class='ocrx_word' id='word_1_318' title='bbox 1166 2268 1255 2309; x_wconf 62' lang='lat' dir='ltr'>ipsius</span> <span class='ocrx_word' id='word_1_319' title='bbox 1269 2274 1328 2299; x_wconf 76' lang='lat' dir='ltr'>tam</span> <span class='ocrx_word' id='word_1_320' title='bbox 1345 2270 1454 2311; x_wconf 83' lang='lat' dir='ltr'>grande</span> <span class='ocrx_word' id='word_1_321' title='bbox 1465 2270 1569 2301; x_wconf 76' lang='lat' dir='ltr'>crs&#39;mm</span> 
     </span>
     <span class='ocr_line' id='line_1_38' title="bbox 135 2309 1571 2354; baseline 0.002 -13"><span class='ocrx_word' id='word_1_322' title='bbox 135 2324 163 2342; x_wconf 74' lang='lat' dir='ltr'>te</span> <span class='ocrx_word' id='word_1_323' title='bbox 177 2313 359 2341; x_wconf 69' lang='lat' dir='ltr'>allocuturum</span> <span class='ocrx_word' id='word_1_324' title='bbox 375 2324 415 2340; x_wconf 74' lang='lat' dir='ltr'>eos</span> <span class='ocrx_word' id='word_1_325' title='bbox 428 2313 470 2340; x_wconf 80' lang='lat' dir='ltr'>die</span> <span class='ocrx_word' id='word_1_326' title='bbox 483 2312 613 2351; x_wconf 74' lang='lat' dir='ltr'>sequerm‘.</span> <span class='ocrx_word' id='word_1_327' title='bbox 871 2316 949 2346; x_wconf 80' lang='lat' dir='ltr'>esset,</span> <span class='ocrx_word' id='word_1_328' title='bbox 969 2309 1050 2352; x_wconf 57' lang='lat' dir='ltr'>qubm</span> <span class='ocrx_word' id='word_1_329' title='bbox 1070 2311 1262 2353; x_wconf 70' lang='lat' dir='ltr'>parricidium</span> <span class='ocrx_word' id='word_1_330' title='bbox 1286 2310 1305 2342; x_wconf 75' lang='grc' dir='ltr'>ἃ</span> <span class='ocrx_word' id='word_1_331' title='bbox 1329 2319 1423 2354; x_wconf 80' lang='lat' dir='ltr'>nepote</span> <span class='ocrx_word' id='word_1_332' title='bbox 1445 2316 1571 2344; x_wconf 80' lang='lat' dir='ltr'>commis·</span> 
     </span>
    </p>
   </div>
   <div class='ocr_carea' id='block_1_4' title="bbox 135 2354 1574 2607">
    <p class='ocr_par' dir='ltr' id='par_1_21' title="bbox 135 2354 1574 2607">
     <span class='ocr_line' id='line_1_39' title="bbox 180 2354 942 2394; baseline -0.001 -11"><span class='ocrx_word' id='word_1_333' title='bbox 180 2355 198 2380; x_wconf 87' lang='lat' dir='ltr'>b</span> <span class='ocrx_word' id='word_1_334' title='bbox 217 2355 294 2384; x_wconf 83' lang='lat' dir='ltr'>Dum</span> <span class='ocrx_word' id='word_1_335' title='bbox 311 2354 408 2383; x_wconf 78' lang='lat' dir='ltr'>humor</span> <span class='ocrx_word' id='word_1_336' title='bbox 421 2361 566 2394; x_wconf 74' lang='lat' dir='ltr'>corruptus</span> <span class='ocrx_word' id='word_1_337' title='bbox 587 2354 724 2393; x_wconf 51' lang='lat' dir='ltr'>pervadit</span> <span class='ocrx_word' id='word_1_338' title='bbox 745 2364 832 2381; x_wconf 87' lang='lat' dir='ltr'>omnes</span> <span class='ocrx_word' id='word_1_339' title='bbox 872 2364 942 2382; x_wconf 79' lang='lat' dir='ltr'>sum.</span> 
     </span>
     <span class='ocr_line' id='line_1_40' title="bbox 135 2394 1572 2439; baseline 0.001 -12"><span class='ocrx_word' id='word_1_340' title='bbox 135 2409 236 2427; x_wconf 63' lang='lat' dir='ltr'>nervos</span> <span class='ocrx_word' id='word_1_341' title='bbox 264 2405 290 2426; x_wconf 74' lang='grc' dir='ltr'>ιι</span> <span class='ocrx_word' id='word_1_342' title='bbox 318 2398 460 2431; x_wconf 77' lang='lat' dir='ltr'>articulos,</span> <span class='ocrx_word' id='word_1_343' title='bbox 489 2398 644 2433; x_wconf 80' lang='lat' dir='ltr'>cruciatur,</span> <span class='ocrx_word' id='word_1_344' title='bbox 664 2397 746 2436; x_wconf 80' lang='lat' dir='ltr'>quasi</span> <span class='ocrx_word' id='word_1_345' title='bbox 768 2396 834 2424; x_wconf 74' lang='lat' dir='ltr'>bello</span> <span class='ocrx_word' id='word_1_346' title='bbox 905 2394 974 2425; x_wconf 73' lang='lat' dir='ltr'>eEt</span> <span class='ocrx_word' id='word_1_347' title='bbox 983 2395 1100 2427; x_wconf 78' lang='lat' dir='ltr'>libenter</span> <span class='ocrx_word' id='word_1_348' title='bbox 1112 2409 1141 2427; x_wconf 87' lang='lat' dir='ltr'>se</span> <span class='ocrx_word' id='word_1_349' title='bbox 1149 2397 1338 2439; x_wconf 71' lang='lat' dir='ltr'>expos-ituram</span> <span class='ocrx_word' id='word_1_350' title='bbox 1348 2399 1446 2429; x_wconf 71' lang='lat' dir='ltr'>morti:</span> <span class='ocrx_word' id='word_1_351' title='bbox 1457 2399 1572 2439; x_wconf 66' lang='lat' dir='ltr'>pericu-</span> 
     </span>
     <span class='ocr_line' id='line_1_41' title="bbox 136 2437 1574 2478; baseline 0.001 -9"><span class='ocrx_word' id='word_1_352' title='bbox 136 2442 264 2470; x_wconf 62' lang='lat' dir='ltr'>intestino</span> <span class='ocrx_word' id='word_1_353' title='bbox 279 2442 306 2468; x_wconf 83' lang='lat' dir='ltr'>in</span> <span class='ocrx_word' id='word_1_354' title='bbox 318 2442 434 2473; x_wconf 67' lang='lat' dir='ltr'>sinpulls</span> <span class='ocrx_word' id='word_1_355' title='bbox 450 2438 584 2468; x_wconf 59' lang='lat' dir='ltr'>membris.</span> <span class='ocrx_word' id='word_1_356' title='bbox 873 2438 908 2473; x_wconf 86' lang='lat' dir='ltr'>l0‚</span> <span class='ocrx_word' id='word_1_357' title='bbox 931 2437 1007 2468; x_wconf 55' lang='lat' dir='ltr'>mod&amp;</span> <span class='ocrx_word' id='word_1_358' title='bbox 1028 2445 1120 2478; x_wconf 79' lang='lat' dir='ltr'>posset</span> <span class='ocrx_word' id='word_1_359' title='bbox 1141 2446 1167 2470; x_wconf 73' lang='lat' dir='ltr'>et</span> <span class='ocrx_word' id='word_1_360' title='bbox 1191 2443 1283 2470; x_wconf 75' lang='lat' dir='ltr'>adesse</span> <span class='ocrx_word' id='word_1_361' title='bbox 1306 2442 1410 2470; x_wconf 78' lang='lat' dir='ltr'>marito</span> <span class='ocrx_word' id='word_1_362' title='bbox 1434 2442 1574 2477; x_wconf 63' lang='lat' dir='ltr'>morienti,</span> 
     </span>
     <span class='ocr_line' id='line_1_42' title="bbox 181 2480 1572 2524; baseline 0.001 -13"><span class='ocrx_word' id='word_1_363' title='bbox 181 2482 196 2500; x_wconf 56' lang='grc' dir='ltr'><strong>ε</strong></span> <span class='ocrx_word' id='word_1_364' title='bbox 215 2483 282 2511; x_wconf 74' lang='lat' dir='ltr'>Cum</span> <span class='ocrx_word' id='word_1_365' title='bbox 307 2484 434 2511; x_wconf 68' lang='lat' dir='ltr'>anxietas</span> <span class='ocrx_word' id='word_1_366' title='bbox 461 2489 486 2510; x_wconf 67' lang='lat' dir='ltr'>ee</span> <span class='ocrx_word' id='word_1_367' title='bbox 514 2481 664 2510; x_wconf 77' lang='lat' dir='ltr'>sollicitudo</span> <span class='ocrx_word' id='word_1_368' title='bbox 687 2481 834 2520; x_wconf 77' lang='lat' dir='ltr'>graviores</span> <span class='ocrx_word' id='word_1_369' title='bbox 873 2487 897 2509; x_wconf 72' lang='lat' dir='ltr'>et</span> <span class='ocrx_word' id='word_1_370' title='bbox 920 2480 1008 2510; x_wconf 66' lang='lat' dir='ltr'>«st-hini</span> <span class='ocrx_word' id='word_1_371' title='bbox 1025 2484 1132 2523; x_wconf 79' lang='lat' dir='ltr'>pietate</span> <span class='ocrx_word' id='word_1_372' title='bbox 1155 2484 1266 2513; x_wconf 79' lang='lat' dir='ltr'>reddere</span> <span class='ocrx_word' id='word_1_373' title='bbox 1289 2485 1466 2524; x_wconf 76' lang='lat' dir='ltr'>exequiarum</span> <span class='ocrx_word' id='word_1_374' title='bbox 1487 2482 1572 2524; x_wconf 67' lang='lat' dir='ltr'>offici-</span> 
     </span>
     <span class='ocr_line' id='line_1_43' title="bbox 137 2523 1572 2567; baseline 0.001 -13"><span class='ocrx_word' id='word_1_375' title='bbox 137 2532 222 2554; x_wconf 73' lang='lat' dir='ltr'>essens</span> <span class='ocrx_word' id='word_1_376' title='bbox 251 2532 309 2565; x_wconf 77' lang='lat' dir='ltr'>tpses</span> <span class='ocrx_word' id='word_1_377' title='bbox 336 2526 440 2560; x_wconf 82' lang='lat' dir='ltr'>morbo,</span> <span class='ocrx_word' id='word_1_378' title='bbox 468 2531 493 2552; x_wconf 77' lang='lat' dir='ltr'>et</span> <span class='ocrx_word' id='word_1_379' title='bbox 521 2535 622 2553; x_wconf 82' lang='lat' dir='ltr'>maeror</span> <span class='ocrx_word' id='word_1_380' title='bbox 649 2523 783 2558; x_wconf 79' lang='lat' dir='ltr'>morbum,</span> <span class='ocrx_word' id='word_1_381' title='bbox 810 2529 835 2552; x_wconf 74' lang='lat' dir='ltr'>n</span> <span class='ocrx_word' id='word_1_382' title='bbox 875 2535 930 2558; x_wconf 82' lang='lat' dir='ltr'>um,</span> <span class='ocrx_word' id='word_1_383' title='bbox 951 2526 1024 2563; x_wconf 80' lang='lat' dir='ltr'>quod</span> <span class='ocrx_word' id='word_1_384' title='bbox 1034 2525 1251 2566; x_wconf 75' lang='lat' dir='ltr'>nemofacturus</span> <span class='ocrx_word' id='word_1_385' title='bbox 1265 2527 1313 2562; x_wconf 70' lang='lat' dir='ltr'>sit,</span> <span class='ocrx_word' id='word_1_386' title='bbox 1334 2529 1361 2556; x_wconf 74' lang='grc' dir='ltr'>ιι·</span> <span class='ocrx_word' id='word_1_387' title='bbox 1372 2526 1572 2567; x_wconf 70' lang='lat' dir='ltr'>prqficiscatur</span> 
     </span>
     <span class='ocr_line' id='line_1_44' title="bbox 138 2566 1090 2607; baseline -0.001 -10"><span class='ocrx_word' id='word_1_388' title='bbox 138 2567 246 2597; x_wconf 75' lang='lat' dir='ltr'>morbus</span> <span class='ocrx_word' id='word_1_389' title='bbox 261 2579 399 2597; x_wconf 71' lang='lat' dir='ltr'>merorem</span> <span class='ocrx_word' id='word_1_390' title='bbox 417 2572 540 2607; x_wconf 75' lang='lat' dir='ltr'>augeret.</span> <span class='ocrx_word' id='word_1_391' title='bbox 874 2568 902 2593; x_wconf 80' lang='lat' dir='ltr'>c&#39;n</span> <span class='ocrx_word' id='word_1_392' title='bbox 919 2566 1090 2607; x_wconf 67' lang='lat' dir='ltr'>AEgyptum.</span> 
     </span>
    </p>
   </div>
   <div class='ocr_carea' id='block_1_5' title="bbox 138 2659 1573 2832">
    <p class='ocr_par' dir='ltr' id='par_1_22' title="bbox 138 2659 1573 2791">
     <span class='ocr_line' id='line_1_45' title="bbox 184 2659 1572 2707; baseline 0.002 -14"><span class='ocrx_word' id='word_1_393' title='bbox 184 2666 209 2693; x_wconf 93' lang='lat' dir='ltr'>l.</span> <span class='ocrx_word' id='word_1_394' title='bbox 224 2664 348 2704; x_wconf 63' lang='lat' dir='ltr'>R.›·gnum</span> <span class='ocrx_word' id='word_1_395' title='bbox 373 2662 477 2705; x_wconf 63' lang='lat' dir='ltr'>nepos]</span> <span class='ocrx_word' id='word_1_396' title='bbox 505 2662 583 2702; x_wconf 84' lang='lat' dir='ltr'>Quis</span> <span class='ocrx_word' id='word_1_397' title='bbox 606 2660 777 2703; x_wconf 84' lang='lat' dir='ltr'>Agathocli</span> <span class='ocrx_word' id='word_1_398' title='bbox 799 2659 834 2691; x_wconf 86' lang='lat' dir='ltr'>fi·</span> <span class='ocrx_word' id='word_1_399' title='bbox 873 2669 1051 2703; x_wconf 78' lang='lat' dir='ltr'>persecutus</span> <span class='ocrx_word' id='word_1_400' title='bbox 1065 2672 1120 2694; x_wconf 83' lang='lat' dir='ltr'>est.</span> <span class='ocrx_word' id='word_1_401' title='bbox 1151 2664 1223 2694; x_wconf 87' lang='lat' dir='ltr'>Non</span> <span class='ocrx_word' id='word_1_402' title='bbox 1237 2663 1288 2694; x_wconf 84' lang='lat' dir='ltr'>diu</span> <span class='ocrx_word' id='word_1_403' title='bbox 1301 2664 1372 2695; x_wconf 73' lang='lat' dir='ltr'>sane</span> <span class='ocrx_word' id='word_1_404' title='bbox 1388 2663 1572 2707; x_wconf 77' lang='lat' dir='ltr'>illiusnepo·</span> 
     </span>
     <span class='ocr_line' id='line_1_46' title="bbox 138 2703 1573 2748; baseline 0.003 -13"><span class='ocrx_word' id='word_1_405' title='bbox 138 2705 197 2738; x_wconf 84' lang='lat' dir='ltr'>lius</span> <span class='ocrx_word' id='word_1_406' title='bbox 211 2707 316 2746; x_wconf 82' lang='lat' dir='ltr'>quisve</span> <span class='ocrx_word' id='word_1_407' title='bbox 332 2716 428 2747; x_wconf 84' lang='lat' dir='ltr'>nepos</span> <span class='ocrx_word' id='word_1_408' title='bbox 442 2705 546 2740; x_wconf 82' lang='lat' dir='ltr'>fuerit,</span> <span class='ocrx_word' id='word_1_409' title='bbox 559 2705 672 2746; x_wconf 89' lang='lat' dir='ltr'>quidve</span> <span class='ocrx_word' id='word_1_410' title='bbox 687 2703 836 2745; x_wconf 81' lang='lat' dir='ltr'>gesserint</span> <span class='ocrx_word' id='word_1_411' title='bbox 873 2705 1027 2746; x_wconf 79' lang='lat' dir='ltr'>regnavit,</span> <span class='ocrx_word' id='word_1_412' title='bbox 1053 2706 1123 2736; x_wconf 66' lang='lat' dir='ltr'>cum</span> <span class='ocrx_word' id='word_1_413' title='bbox 1151 2707 1254 2746; x_wconf 57' lang='lat' dir='ltr'>paucis</span> <span class='ocrx_word' id='word_1_414' title='bbox 1278 2714 1349 2748; x_wconf 86' lang='lat' dir='ltr'>post</span> <span class='ocrx_word' id='word_1_415' title='bbox 1363 2706 1450 2738; x_wconf 85' lang='lat' dir='ltr'>annis</span> <span class='ocrx_word' id='word_1_416' title='bbox 1471 2708 1573 2740; x_wconf 82' lang='lat' dir='ltr'>Hiero</span> 
     </span>
     <span class='ocr_line' id='line_1_47' title="bbox 141 2745 1339 2791; baseline 0 -13"><span class='ocrx_word' id='word_1_417' title='bbox 141 2748 234 2778; x_wconf 85' lang='lat' dir='ltr'>ambo</span> <span class='ocrx_word' id='word_1_418' title='bbox 266 2749 414 2778; x_wconf 78' lang='lat' dir='ltr'>incertum</span> <span class='ocrx_word' id='word_1_419' title='bbox 446 2756 502 2778; x_wconf 77' lang='lat' dir='ltr'>est.</span> <span class='ocrx_word' id='word_1_420' title='bbox 562 2747 724 2778; x_wconf 79' lang='lat' dir='ltr'>Perierunt</span> <span class='ocrx_word' id='word_1_421' title='bbox 753 2745 835 2776; x_wconf 87' lang='lat' dir='ltr'>enim</span> <span class='ocrx_word' id='word_1_422' title='bbox 874 2746 904 2777; x_wconf 92' lang='lat' dir='ltr'>in</span> <span class='ocrx_word' id='word_1_423' title='bbox 919 2747 1093 2791; x_wconf 81' lang='lat' dir='ltr'>principem</span> <span class='ocrx_word' id='word_1_424' title='bbox 1107 2747 1222 2780; x_wconf 79' lang='lat' dir='ltr'>electus</span> <span class='ocrx_word' id='word_1_425' title='bbox 1236 2747 1339 2779; x_wconf 79' lang='lat' dir='ltr'>fuerit.</span> 
     </span>
    </p>

    <p class='ocr_par' dir='ltr' id='par_1_23' title="bbox 139 2789 835 2832">
     <span class='ocr_line' id='line_1_48' title="bbox 139 2789 835 2832; baseline -0.003 -10"><span class='ocrx_word' id='word_1_426' title='bbox 139 2790 271 2823; x_wconf 78' lang='lat' dir='ltr'>Diodori</span> <span class='ocrx_word' id='word_1_427' title='bbox 293 2789 363 2822; x_wconf 80' lang='lat' dir='ltr'>libri</span> <span class='ocrx_word' id='word_1_428' title='bbox 378 2790 490 2832; x_wconf 79' lang='lat' dir='ltr'>quibus</span> <span class='ocrx_word' id='word_1_429' title='bbox 504 2789 688 2832; x_wconf 80' lang='lat' dir='ltr'>Agathoclis</span> <span class='ocrx_word' id='word_1_430' title='bbox 700 2795 835 2821; x_wconf 86' lang='lat' dir='ltr'>mortem</span> 
     </span>
    </p>
   </div>
   <div class='ocr_carea' id='block_1_6' title="bbox 1272 2842 1345 2879">
    <p class='ocr_par' dir='ltr' id='par_1_24' title="bbox 1272 2842 1345 2879">
     <span class='ocr_line' id='line_1_49' title="bbox 1272 2842 1345 2879; baseline 0 0"><span class='ocrx_word' id='word_1_431' title='bbox 1272 2842 1345 2879; x_wconf 79' lang='lat'>03</span> 
     </span>
    </p>
   </div>
  </div>
 </body>
</html>
