1903 3076
588 172 702 217 Lm.
730 138 800 216 11}
834 172 965 217 cAP.
996 173 1106 217 ΧΠ.

108 257 245 302 moenia
271 266 401 300 vestra
415 254 662 309 condidimus,
690 266 734 297 ut
760 268 875 299 essent
903 256 971 312 qui
996 267 1126 298 nostra
1153 254 1314 299 delerent
1329 255 1350 298 2
1378 258 1501 313 ²quid
1524 258 1561 299 si

112 334 184 360 non
203 318 284 359 haec
301 326 338 356 et
358 314 488 357 Dario
512 315 642 372 prins,
674 325 712 356 et
739 331 837 357 nunc
854 315 993 360 Xerxi,
1025 317 1118 356 belli
1133 332 1247 356 causa
1276 315 1462 357 nobiscum
1478 318 1557 371 fh-

111 387 187 429 ret,
203 376 306 431 quod
331 389 397 415 vos
415 374 637 416 rebellantes
655 390 725 415 non
745 374 1012 415 destituimus?
1051 374 1164 432 Quin
1184 391 1250 415 vos
1269 375 1306 415 in
1327 376 1408 415 haec
1426 385 1558 416 nostra

110 443 243 477 castra
261 448 308 473 ex
327 432 404 474 ista*
415 432 601 474 obsidione
620 432 829 475 transitis?
860 431 974 473 ''Aut
990 432 1027 472 si
1043 435 1112 474 lzoc
1125 436 1270 490 partim
1286 444 1406 473 tutum
1425 444 1494 484 est,
1513 443 1558 474 at

108 507 178 535 vos
194 491 383 532 commisso
403 491 546 548 praelio
566 491 617 532 ite
634 492 778 543 cessim,
807 491 967 532 inhzbete
994 491 1121 541 remis,
1150 502 1186 532 et
1206 494 1231 532 ἁ
1254 491 1348 532 bello
1366 492 1558 533 discedite.

107 552 224 593 Ante
242 548 400 590 navalis
420 549 552 604 praelii
568 550 894 606 congressionem
911 550 1072 591 miserat
1086 550 1249 591 Xerxes
1271 558 1442 605 quatuor
1466 550 1560 590 mil-

103 607 166 650 lia
185 618 434 650 armatorum
455 607 681 660 ¹Delphos,
703 611 750 649 ad
773 609 975 661 templum
994 608 1234 662 ²Apollinis
1254 608 1554 661 diripiendum:

105 666 291 721 promtis,
311 666 428 722 quasi
449 681 529 707 non
542 681 637 707 cum
654 667 816 708 Graecis
835 666 1008 718 tantum,
1028 670 1098 708 sed
1118 678 1156 707 et
1177 682 1270 707 cum
1293 666 1373 706 diis
1388 666 1559 706 immor-

105 725 260 766 talibus
279 726 437 766 bellum
454 734 635 780 gereret:
666 730 683 749 ‘³
696 741 789 781 quae
811 740 954 766 manus
975 735 1057 766 tota
1086 724 1291 766 imbribus
1312 737 1350 765 et
1370 724 1557 765 fulmini-

105 783 186 825 bus
203 784 336 825 deleta
351 793 436 833 est3
470 791 516 824 ut
535 783 793 839 intelligeret,
813 783 938 839 quam
957 785 1080 825 nullae
1100 792 1234 825 essent
1254 783 1470 824 hominum
1491 785 1559 823 ad·
1574 800 1768 832 A.M..‘3574.

107 841 256 883 versus
274 844 371 883 deos
391 842 513 883 vires.
544 841 640 883 Post
661 845 747 883 haec
769 845 784 870 ³
798 841 1018 895 Thespias,
1034 852 1078 882 et
1097 843 1281 892 Plataeas,
1312 851 1354 883 et
1375 843 1558 882 Athenas
1572 844 1622 873 0¹-
1638 847 1687 874 75·
1705 848 1732 873 1-

104 914 258 941 vacuas
275 900 513 942 hominibus
531 899 732 942 incendit:
766 908 807 941 et
825 899 1023 956 quoniam
1053 900 1160 941 ferro
1191 901 1233 941 in
1262 899 1449 941 homines
1481 915 1558 940 non

104 967 282 1013 poterat,
311 959 355 1000 in
374 958 543 1001 aedificia
560 958 657 1015 igne
678 968 896 1015 grassatur.
951 959 1148 1014 Namque
1169 959 1445 999 Athenienses
1467 968 1559 1012 post

105 1030 290 1073 pugnam
310 1017 634 1069 Marathoniam,
654 1025 928 1072 praemonente
949 1017 1246 1067 Themistocle,
1271 1017 1487 1057 victoriam
1510 1016 1561 1057 il.

107 1075 193 1116 lam
205 1078 255 1116 de
273 1075 420 1130 Persis,
435 1091 517 1118 non
532 1075 668 1128 finem,
685 1079 754 1118 sed
772 1090 932 1118 causam
947 1075 1230 1130 majorisbelli
1249 1077 1351 1124 fore,
1368 1088 1417 1116 cc
1436 1090 1560 1115 naves

103 1132 422 1177 fabricaverant.
481 1136 741 1176 Adventante
767 1134 890 1190 igitur
921 1134 1078 1182 Xerxe,
1118 1133 1423 1174 consulentibus
1459 1134 1564 1174 Del-

103 1191 202 1246 phis
233 1193 465 1243 oraculum,
505 1207 749 1247 responsum
783 1195 931 1244 fuerat,
961 1193 1129 1234 Salutem
1167 1193 1287 1233 muris
1316 1192 1448 1247 ligneis
1482 1202 1561 1232 tue-

102 1260 251 1291 rentur.
311 1249 618 1292 Themistocles
637 1251 806 1292 navium
827 1251 1060 1305 praesidium
1083 1254 1403 1292 demonstratum
1434 1259 1560 1300 ratus,

101 1310 320 1363 persuadet
338 1309 530 1350 omnibus
563 1308 747 1351 Patriam
777 1309 978 1367 municipes
1006 1326 1092 1361 esse,
1121 1325 1191 1351 non
1211 1309 1345 1350 moenia
1362 1328 1379 1357 ,·
1416 1309 1560 1349 czvz'ta-

103 1368 250 1424 te'mque
268 1383 340 1408 non
365 1369 405 1409 in
424 1367 611 1422 aedificiis,
630 1370 696 1408 sed
711 1368 757 1409 in
769 1368 916 1409 civibvs
926 1369 1095 1424 positam
1113 1384 1125 1408 .·
1150 1368 1284 1408 melitis
1301 1368 1428 1422 itaque
1447 1368 1555 1406 salu-

103 1434 178 1466 tem
214 1426 391 1477 navibus,
428 1429 544 1481 qutim
588 1426 680 1467 urbi
723 1427 975 1467 commissuros
992 1446 1003 1468 :
1051 1427 1162 1481 hujus
1209 1427 1396 1466 sententiae
1443 1427 1558 1465 etiam

103 1483 232 1526 Deum
249 1495 440 1526 auctorem
459 1501 545 1526 esse.
577 1485 752 1526 Probato
772 1485 958 1535 consilio,
979 1485 1172 1539 conjuges
1191 1484 1443 1540 liberosque,
1463 1499 1559 1523 cum

103 1541 418 1599 pretiosissimis
437 1546 559 1585 rebus
576 1543 752 1584 ⁴abditis
780 1543 943 1596 insulis,
970 1543 1110 1584 relicta
1139 1545 1257 1595 urbe,
1287 1545 1557 1583 demandant:

636 1683 1008 1716 INTERPRETATIO
1016 1706 1025 1716 .

146 1760 164 1782 ²
198 1761 277 1803 Qstid
299 1761 326 1794 ,η’
353 1768 381 1794 εί
408 1761 523 1794 Darius
549 1762 644 1798 antei,
678 1770 706 1794 et
741 1776 813 1794 nunc

105 1805 235 1845 Xerxes,
257 1806 314 1837 idea
340 1812 449 1837 tantum
474 1809 503 1837 in
527 1819 574 1837 nos
598 1807 698 1837 bellum
722 1819 813 1848 gesse·

105 1854 185 1885 runt,
205 1847 277 1890 qubd
288 1861 338 1880 vos
349 1851 495 1891 juvimus,
517 1851 623 1881 damin
639 1850 748 1882 Persas
770 1863 813 1880 re·

104 1889 185 1923 belles
199 1893 288 1923 eratis
299 1892 318 1922 ε’

889 1763 907 1789 b
925 1764 987 1794 Aut
1002 1764 1027 1793 si
1041 1762 1089 1793 boc
1098 1762 1285 1804 periculosum
1294 1762 1417 1796 videtur,
1433 1773 1481 1791 vos
1491 1760 1561 1791 inito

847 1808 995 1836 certamine
1011 1808 1134 1836 recedite.

890 1849 905 1867 Ε
931 1849 988 1888 Qui
1001 1860 1090 1879 omncs
1105 1849 1206 1879 milites
1216 1848 1331 1890 pluviis
1345 1853 1372 1878 et
1386 1845 1560 1888 fulminibus

844 1894 1005 1933 perierunt.

745 2003 916 2035 NOTAE.

105 2079 214 2109 Ionem
229 2077 375 2120 suscepit.
405 2079 459 2110 Ion
474 2079 505 2110 in
521 2078 641 2110 Achaia
657 2079 817 2118 remansit,
852 2079 929 2110 ritus
943 2089 1012 2110 acer
1027 2085 1058 2110 et
1073 2079 1242 2110 vehemens
1256 2087 1359 2110 vatem
1376 2078 1490 2120 tripodi
1513 2078 1562 2108 in·

105 2120 235 2162 ejusque
253 2122 380 2152 nomine
403 2121 610 2163 AEgialenses‚
632 2125 719 2154 lones
742 2123 815 2153 dicti
851 2122 1009 2152 „sistentem
1024 2121 1561 2163 corripiebat.statisdiebus,quibus

102 2171 189 2201 nunt3
203 2163 256 2194 sed
264 2163 303 2194 ab
315 2163 441 2194 Achaeis
449 2164 571 2195 sedibus
579 2165 814 2207 pulsi,prinis1m

105 2206 254 2237 Athenas
273 2206 387 2237 deinde
412 2206 543 2238 ducibus
567 2207 670 2239 Neleo
693 2217 725 2238 et
746 2211 815 2238 An-

103 2247 223 2285 drodo,
256 2248 354 2280 Codri
378 2249 459 2285 filiis,
487 2259 551 2280 sese
573 2250 758 2292 receperunt
784 2252 812 2280 in

104 2291 226 2323 Asiam.
269 2291 368 2332 Cujus
382 2299 504 2334 partem
521 2292 638 2323 Ioniam
661 2293 816 2330 dixerunt,

103 2343 176 2375 quae
185 2333 327 2373 AEolide,
334 2334 448 2375 Lydia,
456 2333 561 2372 Caria,
569 2342 600 2366 et
611 2336 690 2366 mari
703 2337 817 2376 AEgeo,

105 2376 246 2418 undique
256 2376 494 2414 terminabatur,
508 2376 561 2408 ubi
576 2377 651 2409 olim
666 2377 816 2419 Ephesus¹

106 2417 256 2457 Miletus,
301 2419 481 2461 Colophon.
520 2419 583 2451 &aa
649 2421 816 2460 Meander,

108 2462 251 2502 Cayster,
264 2469 296 2492 et
312 2461 452 2493 Hermus
463 2461 552 2493 fluvii
569 2463 720 2494 Sar-cham.

153 2507 180 2534 1.
195 2504 348 2546 Delphos]
372 2505 458 2536 Urbs
475 2505 618 2536 Phocidis
641 2507 670 2536 in
688 2504 818 2541 Achaia,

105 2544 146 2576 ad
155 2547 339 2577 Parnassum
351 2555 502 2578 montem.
513 2548 648 2579 Oraculo
661 2547 817 2590 Apollinis

107 2586 285 2627 clarissima,
299 2599 381 2620 nunc
397 2591 518 2630 Delpho.
561 2591 735 2632 Templum
752 2599 816 2621 erat

105 2640 200 2704 :352²
213 2633 814 2716 :ttzufflzfi‘zffij‘ii’t222512⁰5232523¹²321

851 2164 907 2194 fari
924 2165 1036 2195 liceret,
1083 2166 1153 2195 Non
1178 2166 1260 2195 enim
1285 2164 1394 2205 quovis
1417 2174 1560 2205 tempore

851 2209 902 2237 sed
919 2208 1009 2238 certis
1024 2207 1145 2239 diebus,
1168 2215 1201 2238 ut
1224 2207 1328 2238 Idibus
1344 2206 1393 2237 vzl
1406 2207 1561 2243 Calendis,

850 2258 1032 2285 augescente
1042 2249 1091 2280 vel
1103 2248 1265 2281 deficiente
1277 2252 1376 2285 Luna,
1388 2250 1559 2280 Graculum

850 2292 1008 2322 consulere
1022 2293 1065 2323 fas
1081 2301 1155 2324 erat*

891 2339 918 2366 9.
941 2335 1114 2377 Apollinis]
1158 2335 1245 2366 Jovis
1266 2342 1298 2365 et
1323 2337 1452 2365 Latonae
1477 2333 1560 2365 filius

848 2376 917 2414 fuit,
944 2387 975 2409 et
1004 2378 1113 2408 Dianae
1136 2377 1244 2414 frater,
1275 2378 1313 2408 de
1340 2387 1402 2419 quo
1428 2377 1558 2409 infinita:

849 2431 945 2461 prope
960 2420 1080 2451 fabulae.

891 2467 918 2493 3.
942 2462 1107 2506 Thespr'm]
1152 2462 1237 2502 Urbs
1252 2462 1390 2499 Boeotiae,
1414 2464 1442 2492 in
1458 2461 1558 2492 limite

851 2504 1003 2541 Phocidis,
1022 2506 1163 2537 Heliconi
1180 2506 1279 2536 monti
1295 2504 1403 2536 vicina.

892 2552 919 2578 4,
946 2550 1058 2580 Abditis
1077 2547 1202 2588 insulis]
1223 2547 1290 2579 Alii
1305 2550 1372 2578 ΤΜ
1382 2557 1491 2579 zeneu.
1505 2546 1558 2578 alii

851 2590 1014 2631 AEginam,
1029 2590 1078 2622 alii
1091 2591 1275 2620 Salaminam
1294 2592 1374 2620 missi
1391 2599 1467 2619 suns.
1493 2590 1557 2620 H:-
1577 2620 1586 2630 ,

851 2636 908 2663 rod.
930 2634 989 2663 Sed
1005 2645 1112 2664 omnes
1122 2633 1314 2664 humanitate
1328 2633 1426 2662 victos
1437 2632 1453 2663 a
1464 2634 1557 2662 ‘l'rae-

850 2676 935 2706 zenis
944 2676 1017 2707 dicit
1034 2677 1117 2719 Ph't:
1127 2686 1259 2717 querum
1271 2677 1444 2716 sumptibus
1455 2674 1557 2705 Athe·

106 2715 184 2745 mita
200 2723 333 2757 pateret,
355 2717 408 2758 qui
431 2717 600 2749 consulturi
626 2718 814 2749 incederent.
850 2718 1002 2750 niensium
1016 2719 1105 2763 pueri
1120 2718 1244 2762 publice
1259 2718 1392 2750 instituti
1407 2725 1486 2749 sunt.

106 2758 140 2789 ln
154 2758 259 2792 medio
273 2759 385 2802 templi
407 2760 506 2793 hiatus
528 2768 606 2800 erat,
626 2771 663 2793 ex
679 2772 740 2804 quo
755 2762 815 2804 spi-

1188 2762 1261 2792 De

1574 882 1681 916 Urb.(:
1699 890 1769 917 273.

1573 931 1768 962 Ant.C.—187.
