1903 3076
607 176 723 220 LIB.
745 175 828 220 XI.
861 176 992 222 CAP.
1009 178 1095 222 XI.
1593 193 1671 229 105

127 262 380 313 minaretur-3
411 260 711 317 confestimque
728 261 912 304 exercitu
932 261 1074 305 insulae
1094 263 1306 318 applicito,
1334 280 1416 308 non
1436 266 1575 309 minus

126 321 320 363 animosis
332 319 475 376 Tyriis
490 319 641 362 fiducia
656 320 1074 376 Carthaginiensium,
1093 322 1205 363 bello
1221 324 1437 378 excipitur.
1482 327 1575 366 Au-

126 381 252 435 gebat
264 378 378 420 enim
399 377 543 434 Tyriis
565 377 724 421 animos
745 384 757 402 ²
773 379 952 421 Didonis
973 381 1228 434 exemplum,
1248 398 1352 436 quae,
1373 388 1387 405 ²
1403 383 1576 424 Cartha-

124 439 221 493 gine
234 436 417 489 condita,
437 436 596 478 tertiam
616 447 772 491 partem
785 437 908 478 Orbis
925 438 1158 493 quaesisset:
1178 448 1293 494 turpe
1314 443 1518 492 ducentes,
1540 444 1574 483 si

123 494 303 536 foeminis
319 494 402 536 suis
420 495 513 548 plus
530 494 656 536 animi
671 495 815 536 fuisset
829 496 871 535 in
892 495 1067 550 imperio
1084 501 1312 553 quaerendo,
1334 499 1457 554 quam
1476 500 1575 553 sibi,

123 553 170 595 in
187 553 336 593 tuenda
355 553 555 594 libertate.
615 554 770 595 Amota
791 552 919 609 igitur
942 554 1102 596 imbelli
1131 566 1244 597 aetate
1266 557 1575 613 Carthaginem,

122 618 164 656 et
182 610 382 652 arcessitis
401 627 498 652 mox
520 611 723 662 ³auxiliis,
750 626 831 652 non
849 616 1024 668 ⁴magno
1045 622 1136 668 post
1155 624 1338 669 tempore
1360 618 1375 644 ⁵
1385 631 1458 670 per
1478 631 1574 670 pro-

120 668 320 710 ditionem
339 669 568 725 capiuntur.
1371 721 1374 724 Α

180 727 313 769 CAP.
335 726 420 769 XI.
453 728 552 769 Inde
571 727 796 770 ⁶Rhodum
815 729 1069 782 Alexander,
1086 732 1367 786 ⁷AEgyptum,
1397 736 1414 761 ⁸
1426 731 1572 774 Cilici-
1591 743 1789 779 Ciliciam,-

121 800 272 840 amque
287 785 401 828 ⁹sine
417 786 638 827 certamine
651 787 812 842 recipit.
847 792 881 810 ¹⁰
889 788 961 828 Ad
973 788 1118 829 Jovem
1135 790 1278 832 deinde
1296 791 1572 832 Hammonem
1587 789 1631 825 ‘¹⁰2
1646 788 1779 837 AEfffl'f'w

119 843 270 900 pergit,
299 846 555 886 consulturus
581 854 620 887 et
639 847 689 887 de
711 852 860 887 eventu
879 845 1126 900 futurorum,
1155 855 1195 888 et
1216 851 1265 889 de
1296 848 1454 905 origine
1484 864 1569 890 sua.
1582 837 1790 913 gffffff‘jqssss]

120 901 318 957 Namque
337 913 464 944 mater
479 902 566 957 ejus
582 903 801 960 Olympias
818 903 1001 945 confessa
1015 904 1105 946 viro
1121 920 1193 946 suo
1213 906 1407 960 Philippo
1424 908 1570 960 fuerat,
1585 918 1672 945 monis
1688 916 1771 947 Tem-

118 960 406 1002 Alexandrum
423 976 505 1002 non
521 975 572 1004 ex
588 977 636 1003 eo
651 978 710 1012 se,
727 964 798 1004 sed
817 976 870 1003 ex
886 972 1068 1016 serpente
1090 962 1264 1019 ingentis
1279 965 1571 1019 magnitudinis
1580 960 1678 1032 ff‘ffi
1695 1003 1777 1032 372⁰

119 1018 368 1073 concepisse.
409 1019 603 1076 Denique
618 1020 840 1075 Philippus
852 1020 998 1061 ultimo
1020 1037 1146 1075 prope
1163 1021 1256 1062 vitae
1273 1037 1356 1064 suae
1372 1032 1568 1077 tempore,
1584 1024 1638 1074 oi,
1657 1025 1727 1075 1⁶12,
1745 1017 1791 1076 ζ’

102 1077 239 1130 filium
256 1091 363 1118 suum
382 1093 453 1120 non
472 1094 544 1119 esse
570 1079 709 1133 palam
728 1079 1031 1133 praedicaverat.
1092 1079 1185 1136 Qua
1205 1095 1257 1120 ex
1277 1081 1398 1122 causa
1419 1083 1567 1136 Olym-
1585 1085 1789 1130 Urb.C.42<.{.

116 1136 296 1189 piadem,
311 1137 428 1177 velut
439 1137 569 1190 stupri
581 1147 846 1191 compertam,
858 1136 1030 1192 repudio
1045 1138 1267 1179 dimiserat.
1290 1138 1421 1194 Igitur
1435 1141 1570 1182 Alex-
1584 1130 1785 1163 Annum&

118 1196 256 1244 ander,
285 1193 455 1247 cupiens
488 1194 691 1250 originem
709 1195 935 1237 divinitatis
955 1196 1167 1251 acquirere
1187 1196 1312 1238 simul
1340 1211 1378 1237 et
1401 1208 1571 1242 matrem

116 1252 291 1293 infamia
306 1252 496 1304 liberare,
515 1253 833 1307 penpraemissos
847 1255 1039 1294 subornat
1056 1255 1265 1306 antistites,
1286 1255 1386 1310 quid
1407 1256 1485 1297 sibi
1506 1272 1571 1298 re-

114 1309 308 1364 sponderi
332 1310 449 1352 velit.
510 1311 814 1367 Ingredientem
833 1312 1053 1366 templum,
1082 1312 1218 1354 statim
1238 1313 1453 1367 antistites,
1484 1320 1570 1358 ¹‘ut

115 1369 362 1410 Hammonis
380 1369 515 1410 filium
535 1371 723 1411 salutant.
770 1369 862 1422 Ille,
883 1371 998 1412 laetus
1013 1370 1079 1410 dei
1095 1370 1324 1424 adoptione,
1343 1374 1420 1414 hoc
1436 1388 1477 1414 se
1498 1388 1571 1426 pa-

116 1435 176 1471 tre
191 1426 346 1469 censeri
363 1427 496 1481 jubet,
536 1428 674 1483 Rogat
689 1427 851 1479 deinde,
871 1444 922 1469 an
934 1444 1074 1470 omnes
1095 1429 1372 1471 interfectores
1390 1432 1569 1483 parentis

115 1485 179 1527 sui
199 1485 252 1526 sit
270 1487 408 1535 ultus;
438 1488 716 1538 respondetur,
746 1494 906 1540 patrem
926 1487 1013 1541 ejus
1045 1503 1118 1527 nec
1141 1503 1262 1541 posse
1291 1487 1462 1529 interfici
1493 1505 1569 1531 nec

114 1543 220 1599 55),τὶ
238 1563 250 1593 ;
275 1542 406 1598 aregis
427 1543 615 1597 Philippi
633 1544 839 1598 peractam
860 1545 980 1598 plene
1000 1545 1195 1586 ultionem
1216 1561 1318 1587 esse.
1379 1547 1568 1598 Tertiam

112 1602 469 1658 interrogationem
482 1602 679 1655 poscenti,
692 1602 908 1644 victoriam
921 1602 1106 1643 omnium
1118 1605 1336 1655 bellorum,
1347 1605 1567 1657 possessio-

112 1666 287 1716 nemque
308 1669 507 1702 terrarum
525 1660 613 1701 dari
631 1662 911 1714 respondetur.
961 1661 1195 1703 Comitibus
1215 1677 1381 1718 quoque
1401 1662 1483 1705 suis
1501 1677 1563 1704 re-

647 1753 1027 1787 INTERPRETATio.

363 1817 383 1839 ²
401 1818 539 1850 Ultionem
552 1824 693 1865 sumptam
706 1832 763 1851 esse
776 1819 808 1851 ob
823 1827 936 1852 mortem
950 1833 1015 1863 rege
1028 1820 1168 1863 Philippo
1184 1821 1308 1854 illatam.

743 1898 929 1930 NOTAE.

159 1967 185 1995 l.
202 1962 346 2005 Didonis]
366 1964 417 1994 De
433 1962 495 2005 qui
508 1969 620 2005 agetur
633 1970 748 2005 postea.
852 1964 1053 2004 nobilissima,
1075 1967 1175 1999 Cariae
1190 1966 1343 2008 adjacens,
1365 1966 1484 1999 ambitu
1503 1972 1564 2001 130

153 2011 182 2037 2.
200 2004 396 2049 Cartbagine]
411 2005 496 2038 Urbs
509 2014 576 2037 erat
588 2006 704 2037 Africae
720 2007 818 2038 maxi·
857 2009 906 2039 M.
921 2019 1077 2050 passuum.
1100 2010 1211 2041 Refert
1226 2009 1346 2042 Solinus
1361 2010 1482 2041 nullum
1494 2019 1564 2042 toto

111 2059 174 2088 nia,
190 2049 220 2078 in
236 2047 291 2079 ora
301 2048 470 2085 maritima,
485 2050 594 2080 Cartin.
608 2059 646 2081 ex
657 2050 744 2091 cujus
754 2050 818 2081 rui·
852 2061 932 2082 anno
945 2058 1008 2082 tam
1018 2051 1184 2083 obscurum
1196 2053 1280 2083 diem
1292 2063 1368 2093 esse,
1382 2063 1445 2095 quo
1456 2053 1488 2083 in
1503 2053 1564 2085 hic

111 2093 159 2124 nis
173 2092 334 2122 Tunetum
351 2092 498 2122 excrevit.
853 2092 950 2125 insula
965 2093 1017 2125 Sol
1031 2105 1094 2126 non
1110 2103 1264 2127 cernatur.
1453 2107 1461 2113 ·

155 2139 184 2165 8.
198 2132 359 2176 Auxiliis.]
379 2135 413 2165 A
428 2133 736 2176 Carthaginiensibus
750 2145 815 2176 spe·
894 2138 923 2167 7.
939 2137 1125 2180 AEgypeum.]
1156 2138 1248 2169 Prius
1262 2140 1394 2175 Gazam,
1416 2137 1470 2169 ubi
1492 2138 1562 2170 vul·

109 2175 221 2208 rabant
246 2176 376 2208 auxilia:
407 2176 460 2206 sed
485 2175 540 2212 illi,
559 2177 649 2207 novis
674 2176 816 2219 impliciti
844 2187 975 2218 *neratus
989 2188 1045 2215 est,
1059 2180 1109 2217 vig
1124 2188 1154 2211 et
1167 2180 1433 2222 Hierosolymam,
1446 2180 1500 2212 ubi
1514 2192 1562 2213 sa·

109 2219 208 2256 bellis,
221 2218 432 2250 laborantibus
445 2219 553 2261 Tyriis
566 2220 669 2251 adesse
683 2230 746 2251 non
762 2231 817 2262 po·
851 2220 1011 2259 crificavit‚
1033 2222 1191 2254 deditione
1207 2231 1340 2265 ceperat.

108 2269 248 2293 ruerunt.
895 2267 922 2294 8.
950 2265 1103 2307 Ciliciam]
1128 2270 1255 2296 Amano
1277 2273 1309 2297 et
1322 2267 1431 2297 Tauro
1445 2266 1562 2298 monti·

153 2309 181 2336 4.
195 2306 311 2346 Magno
320 2311 383 2345 post
393 2303 535 2347 tempora]
558 2305 682 2347 Septem
698 2315 818 2336 menses
851 2304 921 2345 bus,
936 2306 1122 2349 Pamphylia
1137 2316 1168 2339 et
1182 2308 1260 2338 mari
1283 2308 1556 2350 circumscriptam.

109 2347 167 2378 hic
180 2348 212 2378 in
224 2347 382 2378 obsidione
392 2347 574 2389 consumpti.
604 2348 655 2379 Ex
664 2349 819 2379 Plutarch.
895 2354 922 2381 9.
938 2350 1005 2380 Sine
1017 2350 1191 2392 certamina]
1213 2353 1393 2392 Antequam
1409 2352 1447 2382 ad
1464 2353 1561 2384 Issum

109 2398 142 2425 et
160 2392 241 2422 Cart.
851 2399 1055 2433 pugnaretur,
1065 2393 1206 2424 Ciliciam
1215 2392 1393 2436 subegerat3
1403 2404 1497 2435 quare
1506 2396 1562 2436 Sy-

151 2437 181 2464 5.
211 2434 273 2464 Per
293 2431 501 2475 proditionem]
538 2433 612 2464 Non
641 2432 817 2474 proditione
853 2437 927 2465 riam
951 2433 1118 2475 legendum
1135 2443 1192 2470 est,
1212 2446 1305 2477 quam
1320 2437 1408 2467 Darii
1424 2439 1560 2477 Satrnpae

110 2475 184 2506 urbs
194 2483 282 2518 capta
294 2475 411 2512 est,sed
423 2473 536 2506 invicta
546 2475 718 2506 Alexandri
728 2475 817 2506 forti-
851 2487 923 2508 cum
947 2476 1099 2509 thesauris
1123 2478 1217 2521 regiis
1241 2477 1436 2510 tradiderunt
1462 2479 1559 2511 Alex-

110 2517 231 2556 tudine3
244 2517 298 2559 qui
309 2518 422 2548 eversis
433 2518 514 2559 saepe
526 2517 619 2548 maris
630 2517 750 2559 impetu
762 2528 817 2560 ag·
851 2519 958 2551 andro.

111 2560 247 2604 geribus,
268 2561 332 2601 ipse
353 2561 494 2591 omnium
516 2560 635 2601 primus
649 2561 819 2592 conscensis
896 2566 943 2593 10.
965 2564 1019 2594 Ad
1039 2562 1165 2606 ὅππη]
1186 2562 1222 2594 Id
1245 2570 1301 2600 est,
1321 2564 1360 2594 ad
1385 2563 1557 2606 Templum

111 2602 207 2634 muris
217 2601 327 2633 urbem
337 2603 367 2633 vi
380 2603 474 2644 cepit,
484 2610 515 2633 et
527 2602 739 2634 resistentesin
750 2602 816 2644 pla·
851 2604 882 2635 in
897 2604 1012 2646 Lybifi,
1035 2606 1105 2636 Jovi
1121 2606 1275 2636 Ammoni
1289 2615 1418 2637 sacrum.

50 2642 59 2645 X
111 2643 161 2678 tea
177 2646 260 2676 cives
271 2645 478 2676 internecione
494 2644 620 2677 delevit.
649 2647 713 2686 ‚Ita
727 2647 815 2677 Diod.
895 2651 943 2678 11.
959 2649 1002 2680 Ut
1015 2650 1162 2680 Ammonis
1169 2648 1296 2693 filiam]
1309 2649 1427 2681 Eadem
1441 2647 1558 2682 habent

110 2688 262 2721 Plutarch.
276 2694 301 2718 et
319 2689 400 2718 Cure.
850 2691 978 2724 Arriam
990 2698 1023 2722 et
1037 2692 1125 2725 Paul.
1142 2691 1208 2724 Oro-

151 2734 181 2763 6.
196 2729 345 2774 lebedum]
366 2731 400 2762 In
422 2729 502 2763 mari
525 2730 696 2774 Carpathio
717 2730 815 2764 insula
