1903 3076
509 175 622 218 LIB.
654 173 933 218 XXXVIII.
979 175 1111 218 CAP.
1141 175 1202 218 ΙΙ.

126 256 337 328 cognovit,
366 256 543 313 graviter
571 257 704 297 ferens
734 256 1036 298 interfectorem
1071 257 1194 310 patris
1223 272 1295 323 per
1325 258 1578 299 avunculum

126 315 390 371 potissimum
409 316 459 355 ab
480 314 606 355 exilio
635 315 835 365 revocari,
863 315 1069 370 ingentem
1099 316 1325 357 exercitum
1356 317 1577 358 contrahit.

127 374 263 430 Igitur
292 388 388 414 cum
419 373 460 413 in
492 372 620 413 aciem
653 373 856 414 eduxisset
878 371 1139 413 Mithridates
1160 374 1345 426 peditum
1371 374 1580 431 octoginta

128 433 277 483 millia,
297 430 478 487 equitum
497 433 639 471 decem
660 432 806 483 millia,
823 435 980 472 ¹currus
995 431 1166 472 falcatos
1185 432 1295 481 DC3
1317 433 1579 474 nec-Ariara-

128 491 206 542 thi,
226 488 515 531 auxiliantibus
533 489 715 530 finitimis
732 490 913 545 regibus,
929 489 1106 530 minores
1118 490 1246 542 copiae
1264 499 1411 541 essent,
1425 490 1579 532 ²incer-

128 555 217 589 tum
250 547 348 588 belli
380 547 542 599 timens,
577 548 747 588 consilia
776 550 825 588 ad
855 546 1020 588 insidias
1052 549 1260 588 transfert:
1294 548 1579 605 solicitatoque

123 605 274 660 Juvene
294 606 345 645 ad
359 605 628 660 colloquium,
658 605 753 645 cum
771 606 922 645 ferrum
945 606 1195 646 occultatum
1212 605 1318 647 inter
1338 606 1484 647 fascias
1507 622 1581 662 ge-

126 673 245 714 reret,
265 664 475 705 scrutatori
497 666 546 704 ab
566 664 781 704 Ariarathe
795 662 926 719 3regio
943 678 1055 704 more
1071 664 1215 716 misso,
1231 664 1432 705 curiosius
1446 664 1581 706 imum

125 729 311 762 ventrem
342 722 594 775 pertrectanti
617 722 688 773 ait,
721 731 873 763 caveret
892 738 935 762 ne
955 723 1065 762 aliud
1091 723 1204 763 telum
1231 721 1430 774 inveniret,
1459 724 1578 778 qutim

123 790 323 835 quaereret.
357 782 497 835 Atque
513 780 567 820 ita
588 780 675 821 risu
691 780 879 834 protectis
897 779 1073 830 insidiis,
1094 789 1330 821 revocatum
1350 782 1401 822 ab
1418 780 1578 834 amicis,

126 839 240 878 velut
269 841 319 879 ad
341 849 539 879 secretum
561 853 804 889 sermonem,
826 837 1075 891 inspectante
1099 847 1273 894 utroque
1293 838 1492 890 exercitu,
1511 838 1579 880 in-

126 896 295 937 terficit:
338 911 508 951 regnum
551 897 824 950 Cappadociae
863 905 954 937 octo
994 911 1189 937 annorum
1232 898 1336 949 filio,
1384 897 1578 951 imposito

127 954 364 996 Ariarathis
382 954 565 1005 nomine,
595 955 814 1010 additoque
835 954 872 995 ei
893 963 1046 996 rectore
1067 954 1245 1005 Gordio‚
1265 954 1443 996 tradidit.

1704 193 1794 231 279

187 1012 409 1054 CAP.11.
443 1013 521 1053 Sed
544 1014 821 1067 Cappadoces,
848 1014 1082 1054 crudelitate
1103 1027 1148 1054 ac
1168 1012 1343 1053 libidine
1364 1013 1577 1067 praefecto·
1591 1024 1786 1058 Bellum‘nter

127 1085 222 1111 rum
239 1070 392 1122 vexati,
426 1085 449 1110 a
472 1071 711 1112 Mithridate
731 1071 938 1121 deficiunt,
969 1072 1216 1127 fratremque
1246 1070 1369 1126 regis,
1386 1080 1424 1111 et
1445 1072 1578 1125 ipsum
1593 1069 1763 1100 MHh'fda·

128 1128 391 1170 Ariarathem
407 1129 583 1179 nomine‚
598 1131 648 1169 ab
663 1129 783 1179 Asia,
798 1129 870 1170 ubi
883 1131 1145 1180 educabatur,
1161 1139 1368 1170 revocant:
1391 1145 1485 1170 cum
1500 1144 1580 1186 quo

127 1186 394 1228 Mithridates
414 1188 601 1240 praelium
623 1195 805 1236 renovat,
826 1187 1065 1242 victumque
1082 1187 1354 1240 Cappadociae
1370 1203 1496 1243 regno
1509 1203 1580 1228 ex·

127 1245 264 1298 pellit.
324 1245 418 1285 Nec
442 1246 571 1286 multo
593 1255 682 1298 post
712 1246 959 1297 adolescens,
988 1261 1039 1286 ex
1068 1245 1306 1301 aegritudine
1327 1246 1497 1286 collecta
1517 1245 1582 1287 in-

126 1302 333 1352 firmitate,
353 1303 527 1343 decedit.
589 1304 682 1344 Post
704 1304 825 1357 hujus
853 1313 1025 1344 mortem
1056 1304 1309 1345 Nicomedes
1336 1304 1499 1353 timens,
1530 1319 1582 1344 ne

128 1360 394 1402 Mithridates
411 1361 638 1402 accessione
662 1361 951 1415 Cappadociae,
971 1362 1096 1402 etiam
1117 1361 1355 1417 Bithyniam
1367 1362 1583 1403 finitimam

127 1418 351 1470 invaderet,
377 1421 567 1460 subornat
588 1435 760 1473 puerum
783 1419 946 1461 eximiae
968 1420 1294 1473 pulchritudinis,
1314 1420 1429 1475 quasi
1454 1420 1583 1461 Aria-

127 1479 261 1518 rathes
283 1487 376 1528 tres,
406 1493 485 1518 non
508 1480 609 1518 duos
632 1478 736 1518 filios
756 1477 976 1533 genuisset,
998 1478 1070 1532 qui
1091 1479 1114 1517 a
1136 1488 1274 1519 senatu
1296 1478 1486 1519 Romano
1507 1493 1584 1532 pa-

122 1542 289 1576 'ternum
321 1550 492 1600 regnum
525 1545 692 1589 peteret.
753 1537 936 1576 Uxorem
966 1552 1128 1591 quoque
1156 1536 1357 1576 Laodicen
1401 1537 1585 1576 Romam

126 1593 285 1646 mittit,
297 1595 346 1634 ad
362 1594 561 1634 testimoni
568 1610 636 1634 um
652 1593 777 1634 trium
792 1609 842 1633 ex
863 1595 1078 1634 Ariarathe
1095 1603 1373 1647 susceptorum
1386 1594 1584 1635 filiorum.

128 1651 253 1706 Quod
280 1651 352 1692 ubi
370 1651 630 1693 Mithridates
645 1662 850 1706 cognovit,
866 1662 904 1692 et
919 1652 1005 1705 ipse
1020 1653 1107 1704 pari
1120 1651 1369 1705 impudentia
1379 1651 1588 1693 Gordium

130 1709 310 1750 Romam
333 1710 470 1759 mittit,
491 1710 558 1765 qui
577 1711 730 1751 senatui
756 1720 947 1750 assereret
961 1721 1137 1766 puerum,
1154 1709 1218 1751 cui
1240 1711 1588 1775 Ccfppadociaeveg-

127 1783 215 1808 num
232 1767 466 1816 tradiderat,
482 1784 526 1808 ex
537 1784 575 1808 eo
590 1769 808 1809 Armrathe
817 1768 999 1822 genitum,
1012 1784 1076 1822 qut
1072 1768 1189 1808 bello
1201 1768 1286 1808 At
1270 1769 1420 1809 zst011icz
1417 1768 1586 1810 ‘''aulezcc

129 1827 456 1882 Romanzsfirens·
475 1827 664 1868 cecidzsset
712 1831 726 1847 ²
747 1827 825 1867 Sed
847 1836 1020 1876 senatus,
1042 1827 1175 1868 studio
1195 1841 1338 1879 regum
1361 1827 1586 1877 intellecto,

131 1884 268 1925 aliena
288 1899 411 1940 regna
433 1885 545 1925 falsis
569 1881 804 1925 nominibus
829 1885 1070 1933 furantium,
1101 1894 1139 1924 et
1162 1860 1395 1924 Mithridati
1417 1885 1585 1937 Cappa-

127 1942 306 1994 dociam,
326 1951 368 1983 et
387 1943 626 1991 Nicomedi,
645 1945 693 1982 acl
715 1943 903 1983 solatium
924 1943 1024 1996 ejus,
1057 1943 1381 1997 Paphlagoniam
1415 1941 1583 1982 ademit.

133 2000 220 2042 »Ac
241 2016 287 2041 ne
308 2001 553 2043 contumelia
572 2016 715 2057 regum
748 2001 866 2050 foret,
894 2003 1130 2055 ademptum
1159 2000 1256 2052 illis,
1286 2002 1395 2056 quod
1423 2002 1584 2041 daretur

667 2095 1046 2126 INTERPRETATlO.

879 2161 927 2191 N
919 2173 995 2190 tcum
988 2161 1037 2195 di,
1053 2166 1083 2189 ut
1099 2158 1306 2190 Mithridates
1320 2157 1586 2200 idfaciliusferret.

920 2203 938 2228 b
962 2203 1004 2233 Et
1018 2216 1050 2233 ne
1066 2204 1105 2232 R
1097 2217 1155 2243 ges
1178 2205 1312 2244 injuriam
1327 2203 1383 2232 sihi
1397 2202 1507 2232 illatam
1523 2214 1584 2233 cre·-

878 2247 983 2284 derent,
1006 2248 1031 2275 si
1059 2247 1195 2276 d1re1tur
1221 2246 1286 2275 aliis
1309 2255 1409 2286 regna,
1436 2255 1496 2286 quae
1524 2246 1585 2276 illis

879 2291 1009 2330 adempta
1022 2295 1113 2319 erant.

175 2160 191 2180 ³
210 2160 267 2192 Sed
279 2162 397 2192 Senatus
412 2163 508 2192 videns
524 2162 568 2191 R:-
556 2174 613 2200 rges
628 2163 688 2191 illos
699 2167 838 2203 usurpare

133 2216 221 2245 regna
237 2207 307 2234 atior
293 2217 354 2234 rum
378 2206 427 2235 sub
449 2208 554 2234 nomine
569 2206 672 2235 Princ
666 2212 751 2244 pum,
773 2216 837 2245 quos

123 2247 355 2288 sabb-fingebant
365 2257 428 2277 esse
440 2257 476 2277 ex
486 2247 581 2288 stirpe
592 2245 691 2287 regia,
704 2249 801 2275 ademit
812 2253 837 2276 t

135 2290 343 2332 Cappadociam
357 2290 550 2327 Mithridati,
570 2297 596 2319 et
612 2290 718 2331 Paphl
720 2302 761 2330 ch
764 2291 799 2318 ni
800 2301 839 2318 ⁷772

769 2369 841 2399 No
856 2369 946 2401 TAE.

179 2444 207 2471 1.
225 2441 334 2472 Currus
346 2439 502 2482 [αΙτπος.]
539 2439 654 2481 Quales
671 2439 788 2470 suerint
811 2439 842 2469 hi
923 2443 952 2471 2.
976 2440 1117 2470 Incertum
1129 2434 1219 2481 bella]
1241 2437 1359 2470 Malim
1375 2439 1482 2470 incerta
1495 2437 1584 2470 belli:

134 2493 255 2521 currus,
276 2483 371 2514 tradit
395 2484 521 2514 Cicero:
553 2484 603 2513 Ex
626 2495 728 2513 summo
744 2490 843 2512 temon
880 2483 920 2512 ic
937 2483 1018 2512 enim
1041 2482 1132 2513 habet
1149 2489 1180 2512 et
1200 2484 1226 2512 l
1231 2483 1317 2514 ivius
1333 2485 1442 2512 incerta
1461 2493 1585 2520 casuum,

134 2527 199 2556 [115¹
201 2538 221 2556 α
242 2527 475 2567 praefixaefrro
499 2528 583 2556 emin·
575 2527 659 2556 -.bant
706 2526 842 2566 Utrinq1-
881 2536 907 2551 κ’
925 2527 1000 2556 lac.
1006 2535 1062 2557 tus.
1083 2529 1119 2552 Ϊ
1121 2534 1182 2555 ert-1
1198 2538 1254 2555 1101..
1250 2533 1290 2554 Ἲς.

134 2582 153 2597 ι
171 2571 242 2610 jugo
267 2576 358 2600 ternos
385 2573 550 2599 direxerant
573 2570 693 2610 gladios,
723 2574 746 2597 et
772 2576 835 2598 nte:
944 2569 1024 2598 „R
1015 2581 1061 2609 :¹⁰
1077 2568 1175 2609 more]
1200 2567 1302 2597 Moris
1318 2577 1379 2596 esse
1395 2572 1494 2596 scrut
1497 2564 1524 2596 ri
1539 2574 1586 2595 sa·

136 2615 230 2641 radios
252 2619 379 2642 notarum
397 2615 489 2654 plura
511 2612 618 2653 spicula
640 2613 792 2640 eminebant
817 2613 842 2638 ln
882 2612 922 2639 h
916 2622 979 2641 an.
976 2623 1013 2641 es
1036 2619 1120 2652 patet
1149 2621 1185 2640 ex
1211 2609 1368 2640 Plutarchi
1385 2610 1456 2639 Tm·
1462 2607 1585 2638 oleonte

135 2655 207 2683 adv.
198 2666 295 2684 rrum.
338 2656 415 2686 Aliae
434 2657 526 2684 dinde
542 2655 674 2694 falcess
662 2656 774 2683 summis
799 2665 842 2681 rc·
883 2662 910 2683 t
937 2655 1054 2683 Dione:
1081 2663 1175 2693 quam
1196 2662 1305 2682 moren
1343 2653 1451 2682 Roma
1468 2652 1587 2692 primu!

136 2703 234 2725 tarum
261 2697 369 2727 orbibus
394 2698 535 2729 herebant
551 2705 576 2726 et
600 2698 694 2726 aliaer
686 2700 713 2725 in
736 2704 796 2725 terr
808 2708 843 2723 n
883 2696 1041 2737 isurpuvit
1056 2698 1229 2737 Augustus,
1246 2694 1322 2725 dum
1338 2695 1487 2727 Senatum
1500 2692 1588 2735 legeo

136 2740 268 2776 ἀντίης,
286 2742 420 2781 quidquid
443 2741 567 2773 obviam.
591 2741 732 2769 concitans
759 2750 807 2779 :qa
793 2742 844 2773 ais,
881 2746 937 2770 ret.
980 2739 1031 2771 Ex
1049 2738 1214 2770 Plutarcho.

136 2788 335 2823 amputatura.
368 2782 487 2815 Eadem
504 2780 570 2813 fere
588 2781 698 2813 Livius
709 2788 742 2812 et
754 2780 846 2814 Diod.

1216 2830 1303 2864 ΤΦ

1591 1118 1645 1143 tem
1671 1118 1698 1142 et
1727 1112 1792 1144 Νι·

1592 1155 1733 1187 comedem
