1903 3076
82 219 165 257 ιω·
836 264 841 267 .
900 212 1134 254 JUSTINI

276 289 415 338 'Unus
436 311 489 336 ex
508 304 566 336 tot
584 293 773 336 millibus
791 310 1002 336 servorum
1021 294 1115 343 fuit,
1133 294 1203 350 qui
1221 294 1313 336 miti
1333 295 1513 350 ingenio,
1550 295 1656 336 senis
1673 298 1747 337 do-

296 354 401 396 mini
422 354 667 408 parvulique
687 353 764 393 filii
785 354 872 407 ejus
891 354 1052 394 fortuna
1082 362 1315 395 moveretur
1333 372 1344 403 3
1375 353 1647 418 domin6sque
1668 369 1750 395 non

298 412 405 454 truci
426 412 599 462 feritate,
615 413 685 452 sed
697 411 777 464 piae
792 412 868 451 mis
873 412 929 452 eri
934 413 1083 451 eordiae
1098 412 1349 453 humanitate
1366 411 1599 465 respiceret
1631 417 1646 435 ²
1666 412 1751 453 Ita-

302 485 384 524 que
406 485 503 510 cum
523 471 637 516 velut
658 469 810 510 occisos
830 469 1058 518 alienasset,
1089 484 1182 509 sen
1184 470 1298 525 isque
1319 473 1367 511 de
1389 478 1493 510 statu
1514 470 1755 523 reipublicae

304 528 622 569 deliberantibus
654 527 882 593 placuisset
891 542 1029 583 regem
1050 542 1102 566 ex
1121 543 1194 567 suo
1213 543 1382 593 corpore
1401 528 1544 580 creari,
1573 527 1756 583 eumque

94 599 240 642 *plant
232 600 295 631 1551.
309 585 572 641 potissimum
594 586 707 641 quasi
727 585 1062 639 acceptissimum
1083 585 1106 607 *
1119 584 1215 635 diis,
1231 587 1300 641 qui
1314 587 1441 627 solem
1453 586 1651 627 orientem
1668 586 1758 639 pri-

90 645 298 682 mun1,MSS.
309 660 402 686 mus
418 644 600 694 vidisset,
615 659 703 683 rem
717 646 765 683 ad
781 644 1006 684 Stratonem
1026 645 1132 699 (hoc
1149 643 1258 684 enim
1275 644 1313 684 ei
1329 659 1478 685 nomen
1490 644 1601 699 erat)
1623 644 1757 685 domi-

309 719 411 744 num
432 702 590 744 occulte
605 703 803 743 latentem
815 702 978 742 detulit.
1011 703 1083 741 Ab
1096 716 1144 741 eo
1157 703 1370 752 formatus,
1393 702 1489 742 cum
1503 703 1638 744 medio
1658 718 1758 743 noc-

309 761 364 803 tis
383 777 524 802 omnes
554 760 597 800 in
626 775 755 800 unum
776 774 967 813 campum
987 760 1290 813 processissent,
1309 760 1462 801 caeteris
1482 761 1526 800 in
1545 761 1760 802 Orientem

309 819 600 872 spectantibus,
622 820 734 857 solus
751 818 973 858 occidentis
993 818 1203 872 regionem
1219 818 1466 859 intuebatur.
1513 818 1560 858 Id
1576 819 1760 872 primum

311 876 402 918 aliis
422 876 553 917 videri
579 876 705 926 furor,
725 876 767 916 in
787 875 1008 916 Occidente
1028 876 1124 917 solis
1143 886 1278 917 ortum
1298 892 1476 932 quaerere
1495 894 1503 918 :
1537 876 1556 902 ¹³
1570 877 1642 918 ubi
1661 877 1760 918 vero

310 935 398 976 dies
418 937 634 975 adventare
674 935 812 988 coepit,
853 934 1170 990 editissimisque
1207 935 1456 976 culminibus
1486 933 1601 975 urbis
1629 934 1762 976 oriens

310 994 522 1047 splendere
541 1012 552 1041 ς
585 993 898 1045 expectantibus
918 992 1022 1042 aliis,
1051 1003 1096 1033 ut
1115 993 1251 1046 ipsum
1271 994 1399 1035 solem
1425 994 1664 1047 aspicerent,
1692 992 1762 1033 hic

308 1051 469 1105 primus
485 1051 676 1091 omnibus
688 1050 895 1106 fulgorem
911 1051 1007 1091 solis
1022 1051 1063 1090 in
1081 1066 1242 1092 summo
1261 1052 1424 1107 fastigio
1438 1051 1618 1092 civitatis
1630 1060 1765 1092 osten·

309 1111 382 1151 dit.
444 1110 545 1150 Non
577 1109 735 1150 servilis
765 1109 922 1163 ingenii
943 1108 1045 1149 ratio
1064 1109 1178 1159 visa3
1210 1110 1597 1165 requirentibusque
1626 1117 1766 1150 aucto-

309 1182 414 1220 rem,
448 1170 497 1208 de
535 1167 703 1208 domino
735 1167 960 1209 confitetur.
1022 1168 1142 1208 Tunc
1172 1168 1430 1212 intellectum
1450 1178 1523 1220 est,
1553 1169 1766 1223 Ouantum

310 1225 489 1291 ingenua
511 1226 728 1267 servilibus
758 1226 921 1280 ingenia
951 1235 1212 1279 praestarent3
1243 1226 1482 1282 malitiaque
1503 1242 1654 1277 servos,
1684 1240 1767 1266 non

311 1284 513 1337 sapientia
536 1300 563 1323 v
566 1285 716 1325 incere.
778 1284 909 1339 Igitur
929 1286 1050 1324 venia
1070 1286 1155 1325 seni
1177 1285 1345 1339 filioque
1365 1288 1456 1326 data
1477 1294 1567 1334 est3
1590 1293 1632 1325 et
1650 1285 1768 1325 velut

312 1342 484 1383 numine
501 1345 681 1398 quodam
698 1357 833 1382 reserv
837 1352 921 1384 atos
937 1343 1190 1396 arbitrantes,
1208 1358 1347 1398 regern
1361 1344 1589 1384 Stratonem
1600 1357 1720 1384 creas·
1722 1357 1766 1382 e-

312 1409 424 1441 runt.
489 1402 589 1457 Post
609 1401 726 1455 cujus
745 1411 919 1442 mortem
939 1417 1112 1457 regnum
1134 1404 1183 1442 ad
1204 1401 1351 1452 filium,
1372 1417 1417 1442 ac
1437 1401 1582 1442 deinde
1612 1403 1663 1441 ad
1692 1415 1765 1441 ne-

312 1468 428 1512 potes
449 1460 620 1499 transiit.
685 1459 858 1500 Celebre
880 1462 956 1499 hoc
979 1475 1191 1500 servorum
1211 1459 1387 1510 facinus,
1417 1459 1767 1514 metuendumque

313 1519 553 1571 exemplum
571 1527 656 1559 toto
673 1519 783 1557 Orbe
800 1526 1000 1558 terrarum
1014 1518 1107 1558 fuit.
1150 1519 1293 1572 Itaque
1311 1520 1549 1559 Alexander
1567 1519 1764 1572 Magnus,

96 1579 139 1609 A
151 1577 197 1608 M
205 1579 299 1608 3722.
313 1590 411 1615 cum
431 1575 644 1629 interjecto
675 1586 856 1628 tempore
878 1576 919 1615 in
942 1577 1108 1616 Oriente
1139 1577 1297 1616 bellum
1327 1587 1498 1631 gereret,
1527 1577 1641 1616 velut
1659 1576 1767 1615 ultor

93 1620 490 1694 ἓξέἕὲὶἚιὼΙίεεε
511 1634 754 1685 securitatis,
777 1642 788 1657 1
803 1635 1034 1689 expugnata
1054 1650 1198 1674 eorum
1219 1635 1335 1685 urbe,
1357 1649 1496 1675 omnes
1527 1634 1600 1688 qui
1622 1632 1766 1686 praelio

94 1689 300 1738 Anac-330.
313 1693 612 1745 superfuerant,
633 1694 686 1733 ob
702 1692 946 1733 memoriam
967 1693 1115 1734 veteris
1134 1692 1254 1733 caedis
1273 1694 1462 1734 crucibus
1482 1692 1606 1732 affixit
1622 1709 1630 1731 :
1665 1699 1678 1716 ²
1695 1706 1770 1746 ge-

311 1766 388 1791 nus
411 1759 570 1791 tantum
593 1750 793 1792 Stratonis
823 1750 1070 1792 inviolatum
1104 1752 1297 1801 servavit,
1327 1757 1613 1806 cregnumque
1648 1749 1766 1804 stirpi

310 1810 397 1863 ejus
421 1809 610 1860 restituit,
640 1809 828 1864 ingenuis
849 1818 888 1849 et
907 1809 1086 1856 innoxiis
1106 1809 1252 1850 incolis
1282 1809 1423 1850 insulae
1456 1808 1677 1859 attributis,
1704 1818 1766 1858 ut,

311 1868 513 1921 extirpato
535 1868 675 1908 servili
698 1867 898 1922 germine,
918 1883 1046 1923 genus
1066 1868 1179 1908 urbis
1202 1883 1252 1908 ex
1275 1868 1431 1924 integro
1455 1870 1706 1908 conderetur.

99 1948 190 1979 ,Elisae
213 1947 296 1979 varii
370 1925 507 1967 CAP.
531 1926 615 1966 IV.
650 1926 739 1965 Hoc
761 1926 888 1980 igitur
909 1928 1031 1966 modo
1054 1925 1195 1981 Tyrii,
1212 1926 1442 1966 Alexandri
1456 1924 1651 1978 auspiciis
1669 1940 1767 1965 con-

142 2003 234 2022 cam.
312 1982 401 2034 diti,
432 1982 721 2037 dparsimonia
752 1995 790 2024 et
821 1985 959 2024 labore
983 1984 1191 2039 quaerendi
1222 1985 1302 2024 cito
1333 1984 1593 2024 convaluere.
1654 1984 1766 2023 Ante

310 2042 470 2084 cladem
490 2042 753 2083 dominorum
775 2042 870 2082 cum
901 2052 939 2082 et
972 2043 1122 2097 opibus
1145 2051 1183 2083 et
1204 2041 1466 2083 multitudine
1498 2043 1765 2094 abundarent,

846 2170 1220 2201 INTERPRETATIO
1229 2192 1235 2200 .

354 2235 371 2256 ²
399 2237 496 2276 Quare
518 2232 580 2265 crim
594 2246 636 2264 eos
651 2232 821 2270 occuluisset,
841 2240 976 2275 tanquam
998 2235 1024 2264 si
1058 2235 1150 2263 urbem
1167 2233 1301 2263 habitari
1316 2234 1350 2263 ab
1367 2235 1460 2264 incolis
1476 2235 1572 2264 imula
1596 2235 1722 2276 ingenuis
1742 2240 1771 2264 et

301 2281 431 2321 fuissent
445 2280 534 2309 occisi.
1058 2277 1192 2312 innoxiis,
1213 2282 1243 2305 ut
1262 2289 1313 2317 get
1307 2290 1346 2306 ns
1362 2279 1438 2306 civi«
1442 2290 1468 2306 m
1486 2284 1644 2308 mutaretur
1665 2290 1700 2307 ex
1722 2279 1767 2307 in-

357 2322 375 2348 b
391 2323 547 2363 Postquam
561 2324 641 2361 caepit
652 2323 708 2351 dies
719 2322 818 2355 lucere,
830 2326 855 2349 et
871 2318 923 2349 Sol
935 2321 1023 2349 oriens
1042 2292 1318 2360 litgro,xsti1:c.¹‹.1‘1'
1309 2322 1413 2370 tirpe
1412 2333 1437 2348 se
1458 2332 1568 2350 ¹z=.orum

311 2366 475 2397 illuminare
487 2366 629 2394 altissima
645 2365 722 2394 urhis
740 2369 819 2393 tecta.
1099 2362 1115 2386 d
1135 2363 1191 2391 Bre
1196 2364 1228 2391 vi
1242 2361 1413 2403 comparasse*
1398 2375 1445 2391 ιιι·
1458 2376 1481 2391 ,τι
1474 2363 1513 2392 iil>
1528 2374 1658 2403 magnam
1667 2368 1768 2404 poten-

356 2407 372 2427 c
385 2408 518 2439 Reddidit
532 2420 646 2449 regnum
661 2410 717 2449 jus
738 2408 872 2447 posteris,
892 2412 946 2436 εἰ·-
935 2405 1025 2435 voluit
1057 2406 1127 2434 tiam
1144 2407 1232 2445 sm·
1233 2418 1258 2434 η
1262 2409 1323 2434 onia
1339 2412 1364 2435 ct
1379 2394 1466 2434 illudio
1478 2407 1588 2446 acquire.
1578 2407 1640 2435 aidi
1655 2412 1729 2447 opes.

954 2500 1146 2532 NOTAE.

1063 2565 1222 2597 constituit
1261 2565 1532 2607 Abdalonymum,
1573 2579 1608 2597 ex
1648 2567 1768 2598 Curtio:

315 2613 468 2644 mensium
486 2613 694 2651 obsidionem,
721 2612 759 2642 de
775 2622 828 2653 qu}
819 2609 837 2641 a
851 2611 937 2653 prius
952 2609 1029 2640 dixi·
1062 2609 1282 2649 Ballonymum
1297 2623 1331 2639 ex
1348 2611 1482 2647 Βίωνα,
1505 2608 1558 2650 qui
1581 2608 1616 2639 ea
1631 2617 1770 2651 egestate

317 2666 397 2687 mus
1061 2651 1271 2691 premebatur,
1304 2660 1352 2690 ut,
1382 2651 1452 2682 licet
1476 2651 1560 2692 regist
1583 2660 1660 2683 esset
1682 2659 1769 2683 ortus

360 2702 389 2729 2.
407 2700 499 2729 Genus
513 2705 623 2729 tantum
647 2695 819 2737 Stratonis]
855 2694 1028 2727 Consilium
1059 2693 1186 2731 familia,
1209 2694 1331 2725 lacerna
1346 2703 1446 2726 tectus
1468 2693 1624 2731 vilissima,
1653 2703 1767 2736 aquam

318 2741 551 2784 Hephaestionis
566 2749 713 2783 sequutus
724 2739 905 2772 Alexander
920 2739 1028 2781 reg'em
1061 2737 1204 2769 mercede
1220 2737 1367 2769 hauriret.

358 2574 389 2601 1.
406 2568 586 2612 Expugnatc'i
600 2582 693 2600 eorum
709 2567 798 2610 urben]
820 2569 895 2599 Post
907 2575 1026 2608 septem
