1903 3076
123 213 179 246 32
905 196 1138 255 JUSTINI

325 282 410 337 regi
417 281 586 338 primum
605 290 750 322 natum.
813 278 974 323 Fratres
1002 283 1131 337 itaque
1152 297 1248 333 suos,
1277 281 1345 336 qui
1370 282 1463 323 ante?
1485 280 1611 336 geniti
1634 284 1763 338 essene,

314 341 518 396 privatum
532 338 817 394 patrimonium,
845 342 946 393 quod
958 355 997 380 eo
1013 351 1176 395 tempore
1196 340 1346 382 Darius
1364 340 1569 391 habuisset,
1588 356 1658 381 non
1677 356 1764 394 reg-

323 413 409 440 num
427 397 504 437 sibi
528 396 723 437 vindicare
736 408 842 451 posse
859 413 872 437 .·
903 413 939 437 se
958 414 1043 448 esse,
1072 413 1176 452 quem
1199 398 1368 452 primum
1387 398 1426 438 in
1444 414 1556 452 regno
1571 404 1663 454 jam
1692 413 1764 438 rex

314 466 433 511 pater
449 455 656 495 sustulerit.
716 456 806 496 Huc
824 457 1011 505 accedere,
1030 457 1131 509 quod
1144 456 1359 496 Artemenes
1379 471 1448 496 non
1461 467 1578 512 patre
1598 466 1762 507 tantum,

323 519 337 537 ¹
352 514 417 552 sed
443 523 478 553 et
507 522 629 552 matre
651 511 822 567 privata:
851 514 975 553 adlmc
990 513 1185 566 fortunae,
1213 529 1288 554 avo
1315 528 1454 568 quoque
1482 525 1650 555 materno
1672 513 1763 569 pri-

321 580 425 619 vato,
436 580 663 626 procreatus
680 570 730 611 sit
745 585 758 610 .·
789 586 824 610 se
843 572 932 610 verb
952 581 988 611 et
1007 581 1129 611 matre
1155 571 1290 625 regind
1305 582 1450 622 natum,
1470 581 1506 611 et
1515 582 1671 627 patrem
1690 583 1763 612 non

321 628 398 670 nisi
412 643 533 682 regem
554 627 688 668 vidisse
699 646 716 675 ‚·
746 643 860 668 avum
879 644 1016 682 quoque
1044 638 1252 670 maternum
1276 630 1417 685 Cyrum
1435 645 1471 668 se
1490 645 1612 683 regem
1641 629 1764 671 habu-

322 685 404 736 isse,
434 702 505 726 non
534 687 730 734 haeredem,
761 687 824 725 sed
851 687 1074 727 conditorem
1093 687 1198 728 tanti
1213 687 1348 740 regni:
1379 697 1413 726 et
1441 686 1478 726 si
1499 687 1540 727 in
1559 704 1660 741 aequo
1665 691 1761 741 jure

114 747 207 781 AM·
217 744 521 799 8567.utru'mque
525 745 703 798 fratrem
715 753 835 800 pater
857 744 1076 798 reliquisset,
1107 755 1274 785 materno
1293 755 1415 785 tamen
1434 760 1470 784 se
1479 748 1576 799 jure
1601 755 1636 785 et
1656 744 1763 785 avito

116 791 298 863 gijb‘lgffio
319 803 482 843 vincere.
542 802 634 842 Hoc
655 811 857 841 certamen
873 803 1060 842 concordi
1077 803 1211 843 animo
1228 805 1277 843 ad
1293 812 1484 856 patruum
1499 818 1617 842 suum
1637 805 1763 844 Arta.-¹

115 854 533 914 Ant.'c.’‹{85‡phernem‚
561 858 686 898 veluti
720 861 770 898 ad
799 860 1064 900 domesticum
1090 861 1285 913 judicem,
1314 861 1524 900 deferunt:
1558 860 1626 917 qui
1649 857 1762 901 domi

320 917 482 973 cognita
500 916 636 965 causa,
657 916 845 957 Xerxem
865 924 878 941 ²
896 918 1134 971 praeposuit:
1160 917 1343 973 adeoque
1364 919 1539 958 fraterna
1550 917 1759 959 contentio

319 976 414 1025 fuit,
431 984 475 1015 ut
495 990 567 1014 nec
589 974 719 1014 victor
738 974 1002 1025 insultaverit,
1021 991 1094 1016 nec
1114 975 1247 1016 victus
1266 976 1463 1024 doluerit;
1483 976 1660 1031 ipsc'ique
1675 974 1762 1017 litis

319 1042 503 1086 tempore
533 1032 711 1072 invicem
742 1047 909 1073 munera
939 1033 1120 1073 miserint
1137 1051 1149 1082 ;
1182 1040 1197 1057 ἢ
1206 1034 1387 1086 jucunda
1407 1048 1569 1089 quoque
1594 1034 1700 1075 inter
1719 1046 1761 1074 se

319 1106 401 1132 non
417 1090 567 1141 solum,
584 1092 652 1130 sed
665 1091 826 1130 credula
838 1090 1028 1131 convivia
1046 1091 1281 1140 habuerint;
1299 1091 1502 1144 judicium
1518 1107 1682 1148 quoque
1697 1091 1764 1144 ip-

319 1164 410 1190 sum
429 1148 514 1189 sine
533 1147 708 1199 arbitris,
733 1147 820 1188 sine
840 1149 1019 1189 convitio
1038 1149 1175 1189 fuerit.
1236 1148 1368 1190 Tantb
1398 1150 1644 1192 moderatius
1670 1158 1760 1190 tum

109 1215 306 1249 A.M.3571.
319 1207 461 1247 fratres
482 1206 584 1246 inter
599 1220 640 1246 se
659 1220 785 1261 regna
804 1206 986 1246 maxima
1000 1207 1249 1256 dividebant,
1264 1207 1391 1261 quam
1405 1222 1511 1248 nunc
1526 1209 1676 1264 exigua
1687 1222 1760 1261 pa-

110 1258 224 1331 011’1273‘
233 1261 296 1330 {27⁸0
318 1264 507 1306 trimonia
536 1262 775 1316 partiuntur.
834 1266 848 1292 3
866 1263 995 1320 Igitur
1016 1265 1178 1305 Xerxes
1200 1272 1214 1293 ⁴
1231 1266 1387 1305 bellum
1406 1265 1430 1305 a
1447 1277 1559 1323 patre
1579 1274 1761 1320 coeptum

110 1303 267 1375 1322ng
273 1322 306 1374 1:
317 1321 512 1363 adversus
529 1321 752 1370 Graeciam,
765 1321 1093 1378 quinquennium
1108 1322 1311 1363 instruxit.
1349 1324 1469 1378 Quod
1484 1324 1555 1364 ubi
1575 1323 1760 1378 primum.

315 1380 461 1422 didicit
478 1380 740 1431 Demaratus,
755 1395 828 1420 rex
848 1380 1266 1431 Lacedaemoniorum,
1282 1380 1352 1435 qui
1370 1383 1477 1435 apud
1487 1382 1674 1422 Xerxem
1685 1396 1761 1422 ex-

314 1437 470 1488 ul'abat,
492 1437 662 1478 amicior
678 1438 821 1493 patriae
838 1447 928 1491 post
947 1440 1105 1494 fugam,
1125 1453 1250 1493 quam
1269 1439 1356 1493 regi
1376 1449 1465 1491 post
1481 1439 1693 1491 beneficia,
1707 1454 1761 1481 ne

313 1496 523 1550 inopinato
542 1496 653 1536 bello
674 1496 1013 1550 opprimerentur,
1039 1497 1176 1537 omnia
1193 1496 1238 1536 in
1259 1497 1421 1537 tabellis
1439 1497 1586 1551 ligneis
1604 1497 1760 1553 magis-

313 1555 485 1597 tratibus
526 1553 753 1607 perscribit,
784 1556 1008 1609 eademque
1028 1555 1119 1594 cera
1150 1554 1435 1608 superinducta
1455 1556 1586 1596 delet:
1618 1571 1668 1595 ne
1691 1563 1759 1596 aut

311 1612 512 1666 scriptura
523 1613 607 1653 sine
619 1611 801 1668 tegmine
817 1611 1015 1655 indicium
1030 1614 1156 1664 daret,
1171 1622 1238 1653 aut
1254 1627 1390 1652 recens
1406 1628 1497 1653 cera
1505 1614 1646 1654 dolum
1662 1628 1758 1667 pro·-

311 1674 449 1712 deret:
482 1670 562 1711 fido
582 1669 727 1710 deinde
745 1685 865 1727 servo
886 1670 1143 1723 perferendas
1163 1670 1299 1722 tradit,
1315 1671 1430 1724 jusso
1452 1671 1757 1727 magistratibus

312 1729 604 1782 Spartanorum
624 1728 793 1768 tradere.
854 1727 1017 1784 Quibus
1036 1728 1215 1781 perlatis,
1233 1729 1522 1769 Lacedaemone
1540 1728 1759 1785 quaestioni

310 1801 374 1829 res
395 1785 467 1826 diu
487 1785 584 1835 fuit,
613 1787 724 1841 quod
744 1800 875 1840 neque
896 1785 1093 1840 scriptum
1112 1786 1269 1841 aliquid
1288 1787 1486 1838 viderent,
1515 1802 1588 1827 nec
1609 1787 1757 1828 frustra.

309 1843 454 1885 missas
469 1844 785 1898 suspicarentur,
799 1844 991 1900 tantoque
1004 1857 1091 1885 rem
1103 1845 1314 1898 majorem,
1327 1846 1477 1900 quanto
1490 1844 1544 1885 sit
1559 1844 1758 1886 occultior

308 1903 524 1955 putabant.
584 1901 843 1942 Haerentibus
862 1901 904 1941 in
924 1902 1156 1956 conjectura
1175 1902 1281 1950 viris,
1304 1917 1414 1942 soror
1436 1903 1542 1958 regis
1564 1902 1756 1945 Leonidae

307 1959 526 2000 consilium
543 1958 758 1999 scribentis
773 1958 944 2001 invenit.
975 1960 1102 2001 Erasfi
1119 1960 1243 2015 igitur
1258 1961 1364 2011 cera,
1380 1961 1478 2001 beili
1496 1961 1667 2001 consilia
1682 1959 1754 2001 de-

309 2025 516 2073 teguntur.
566 2017 657 2058 Jam
676 2016 839 2058 Xerxes
860 2021 874 2046 ⁵
888 2017 1140 2073 septingenta
1156 2017 1286 2058 millia
1301 2020 1350 2058 de
1372 2033 1495 2073 regno
1512 2027 1755 2072 armaverat,

845 2098 1229 2129 INTERPRETATIO.

314 2194 321 2200 .
350 2149 366 2171 ²¹
391 2152 480 2182 Alter
499 2151 621 2199 qlterum
634 2151 775 2194 exceperit
795 2154 948 2190 conviviis,
968 2154 996 2183 in
1018 2153 1116 2196 quibus
1138 2165 1189 2184 non
1204 2159 1313 2184 tantum
1334 2151 1405 2189 late,
1429 2155 1571 2185 sedetiam
1593 2153 1754 2198 confidenter

310 2200 366 2226 reate
381 2206 409 2224 se
421 2200 557 2235 egerint.
1652 2210 1659 2217 .

950 2252 1124 2286 NOTAE.

354 2307 381 2334 1.
397 2304 454 2334 Sed
471 2309 497 2334 et
511 2303 624 2346 matre]
655 2304 736 2335 Tres
750 2304 834 2335 enim
849 2304 962 2336 liberos
977 2316 1014 2336 ex
1089 2310 1118 2337 4.
1141 2306 1253 2337 Bellum
1269 2305 1287 2336 ἃ
1297 2313 1393 2348 patre,
1414 2306 1490 2349 ἱςά]
1524 2305 1613 2338 Prius
1629 2307 1755 2349 AEgyp·

310 2346 449 2386 Gobryae
467 2346 529 2377 filia
544 2347 694 2388 privatus,
709 2355 843 2387 quatuor
852 2358 890 2379 ex
902 2348 1013 2379 Atossfi
1046 2349 1105 2379 tios
1121 2348 1151 2379 iu
1167 2357 1288 2390 patrem
1311 2348 1440 2380 rebelles
1464 2359 1518 2391 per
1535 2348 1753 2382 Achemenem

309 2389 387 2428 Cyri
401 2387 465 2419 filia
479 2399 532 2420 rex
549 2390 661 2420 Darius
675 2398 856 2430 susceperat.
1046 2390 1176 2422 fratrem
1191 2391 1322 2432 subegit.

351 2435 381 2460 2.
398 2431 581 2474 Praeposuit.]
606 2431 688 2462 Illius
701 2432 817 2462 consilii
837 2440 944 2464 auctor
955 2432 1013 2464 fuit
1088 2436 1118 2465 5.
1132 2433 1336 2476 S‘ptingenta]
1379 2433 1494 2465 Xerxis
1515 2433 1617 2475 copias
1635 2433 1754 2465 mariti-

308 2472 1014 2517 DemaratusLacedaemonius‚quiet'pstrifi,et
1047 2486 1122 2512 mas,
1130 2483 1299 2514 terrestres,
1309 2478 1474 2517 Europaeas
1483 2483 1514 2507 et
1526 2475 1685 2511 Asiaticas,
1697 2475 1752 2507 ad-

307 2525 407 2556 rcgno
415 2515 520 2555 pulsus
530 2515 804 2553 &Cleomenefiusa
811 2528 841 2547 se
849 2526 1014 2559 receperat.
1044 2519 1133 2559 jectis
1142 2519 1283 2555 servitiis,
1294 2519 1387 2550 refert
1400 2517 1518 2550 Herod.
1529 2518 1696 2549 ascendisse
1712 2515 1752 2549 ad

352 2562 380 2588 8.
395 2559 493 2598 Igitur
505 2558 645 2600 Xerxen]
675 2559 799 2589 Nomen
816 2560 1014 2591 Gentilitium
1046 2560 1231 2602 quingentas
1240 2562 1395 2602 et3viginti
1410 2569 1472 2591 tres
1485 2560 1653 2600 myriades,
1663 2569 1694 2591 et
1704 2561 1754 2592 in·-

310 2600 476 2630 Persarum
491 2600 616 2640 regibus
629 2601 699 2639 fuit,
715 2602 837 2632 Xerxes
851 2610 882 2633 et
897 2604 1013 2634 Artax·
1046 2613 1137 2644 super
1144 2603 1390 2644 quinquemillia:
1403 2602 1587 2644 quodefficit
1595 2605 1753 2635 5235‘220.

308 2652 414 2676 erxes:
439 2651 507 2682 post
524 2645 663 2674 Xerxem
678 2643 760 2673 euim
785 2645 1014 2676 Memoriosum
1047 2646 1151 2677 medio
1174 2656 1242 2687 pars
1266 2649 1420 2677 9617610.
1449 2652 1514 2676 erat
1539 2645 1686 2684 militum,
1707 2645 1753 2677 al-

308 2694 417 2714 omnes
438 2687 627 2716 Artaxerxes
650 2685 747 2715 dictos
769 2686 812 2717 ait
838 2687 1014 2725 Diodorus;
1047 2695 1113 2718 tera
1128 2688 1400 2725 servitiorum,nec
1412 2688 1556 2723 eunuchi,
1572 2697 1628 2718 nec
1640 2687 1752 2718 mulie-

310 2728 374 2756 Art
394 2734 440 2757 est
465 2727 713 2758 additamentum
742 2727 959 2766 honorificum,
980 2738 1014 2761 ut
1048 2740 1096 2760 res
1111 2730 1168 2761 hoc
1185 2731 1215 2760 in
1240 2741 1370 2761 numero
1393 2731 1615 2764 continemur?
1630 2728 1682 2760 sed
1700 2727 1753 2760 alii

309 2769 398 2798 Smch
410 2768 595 2800 etiamnunc
606 2771 689 2811 apud
700 2772 814 2808 Persas,
828 2773 912 2814 quod
927 2782 1014 2815 mag-
1048 2772 1136 2803 aliter
1152 2772 1189 2803 de
1206 2772 1264 2803 hoc
1287 2783 1416 2803 numero
1438 2773 1594 2810 sentiunt;
1616 2782 1750 2813 quorum

309 2820 385 2842 num
402 2819 488 2843 sonat
504 2822 540 2844 ex
559 2813 705 2855 Has-hio.
1049 2816 1210 2847 sententias
1225 2825 1381 2848 recensere
1396 2814 1518 2858 longius
1533 2823 1622 2847 esset.
