1903 3076
922 201 1154 248 JUSTINI

328 301 432 338 ram,
448 285 570 341 jecit:
603 283 867 341 armatusque
886 285 936 326 de
956 284 1067 335 navi,
1096 287 1110 305 ¹
1125 276 1364 338 tripudianti
1379 281 1542 339 similis,
1571 283 1774 339 prosiluit⁹

288 378 289 382 ,
330 355 453 400 atque
473 345 528 385 ita
548 343 700 385 hostias
719 343 852 394 caedit,
888 350 1090 397 precatus,
1117 357 1160 381 ne
1191 357 1228 382 se
1255 357 1379 398 regem
1407 342 1487 385 illae
1505 354 1622 384 terrae
1640 342 1774 386 invitae

332 403 548 467 accipiant.
599 402 649 442 In
669 400 748 442 Ilio
768 416 932 457 quoque
953 402 1005 442 ad
1023 399 1244 453 Tumulos,
1263 407 1278 426 ²
1291 403 1478 455 heroum,
1497 401 1570 458 qui
1591 401 1774 456 Trojano

333 463 444 503 bello
464 460 706 511 ceciderant,
724 458 964 513 parentavit.

394 519 526 560 CAP.
548 518 634 559 VL
674 517 789 568 Inde,
808 519 966 558 hostem
985 525 1138 569 petens,
1158 516 1347 558 milites
1330 533 1354 557 a
1374 518 1636 572 populatione
1657 518 1776 561 Asiae

335 575 564 632 prohibuit,
572 576 810 632 parcendum
838 574 914 615 suis
941 574 1050 615 rebus
1069 576 1274 627 praefatus,
1303 591 1368 615 nec
1396 577 1588 631 perdenda
1609 591 1669 628 ea,
1689 592 1774 632 qua.-

323 635 538 700 possessuri
551 643 751 675 veneunt
795 633 846 674 In
864 632 1043 674 exercitu
1073 632 1159 686 ejus
1189 633 1305 673 fuere
1339 634 1521 686 peditum
1551 640 1668 674 ³xxx
1690 638 1773 676 duo

331 693 481 745 millia,
501 692 690 747 equitum
709 700 880 747 quatuor
897 690 1032 731 millia
1048 690 1274 745 quingenti,
1291 706 1412 732 naves
1425 701 1587 731 centum
1604 704 1774 734 Lxxxn.

330 752 393 792 Η
377 767 423 793 ιε
436 759 520 792 tam
536 764 662 804 parva
676 764 799 790 manu
811 749 1050 790 universum
1065 758 1262 789 terrarum
1275 749 1430 796 orbem,
1445 757 1585 790 utrum
1598 749 1774 791 admira-

327 809 455 850 bilius
476 808 636 858 vicerit‚
665 822 716 848 an
750 807 918 863 aggredi
947 821 1070 847 ausus
1098 805 1237 856 fuerit,
1266 806 1466 847 incertum
1486 815 1571 847 est:
1605 822 1702 848 cum
1722 810 1774 849 ad

326 875 411 909 tam
427 865 703 920 periculosum
713 866 872 907 bellum
889 864 1378 920 exereitumlegeret‚non
1390 865 1559 919 juvenes
1571 866 1773 916 robustos,

325 940 400 966 nec
439 924 619 977 primum
657 923 798 964 florem
837 922 980 975 aetatis,
1011 924 1081 963 sed
1118 931 1356 963 veteranos·
1347 954 1358 972 ‚
1401 923 1616 977 plerosque
1646 923 1772 964 etiam

326 977 505 1040 emeritae
526 981 699 1032 militiae,
721 980 790 1038 qui
811 996 906 1022 cum
924 989 1038 1034 patre
1056 980 1290 1035 patruisque
1308 980 1601 1031 militaverant,
1618 981 1771 1037 elegit:

325 1050 471 1082 utnon
491 1050 574 1081 tarn
603 1039 769 1090 milites,
800 1054 927 1094 quam
967 1037 1201 1103 magistros·
1217 1037 1376 1079 militiae
1407 1040 1554 1079 electos
1592 1046 1771 1091 putares.

325 1098 502 1139 Ordines
521 1112 685 1154 quoque
705 1113 825 1138 nemo
856 1097 934 1138 nisi
968 1095 1254 1151 sexagenarius
1274 1096 1417 1137 duxit:
1450 1106 1495 1137 ut
1516 1095 1549 1137 si
1571 1096 1775 1150 principia

325 1168 549 1197 castrorum
571 1170 766 1206 cerneres,
788 1163 974 1196 senatum
995 1164 1033 1195 te
1054 1154 1226 1208 alicujus
1249 1154 1390 1207 priscae
1419 1153 1600 1208 reipubl.
1631 1155 1774 1196 videre

324 1214 496 1255 diceres.
557 1213 700 1268 Itaque
713 1229 831 1254 nemo
846 1213 888 1254 in
903 1212 1043 1267 praelio
1061 1212 1218 1266 fugam,
1235 1214 1305 1253 sed
1321 1212 1533 1253 victoriam
1548 1211 1771 1268 cogitavit·

324 1287 400 1312 nec
423 1272 466 1311 in
489 1271 660 1325 pedibus
680 1271 875 1327 cuiquam
896 1286 1000 1336 spes,
1032 1272 1100 1311 sed
1119 1269 1162 1310 in
1182 1270 1344 1311 lacertis
1367 1270 1459 1310 fuit.
1522 1270 1678 1311 Contra}
1697 1285 1773 1311 rex

327 1330 543 1371 Persarum
565 1329 735 1379 Darius,
756 1329 902 1371 fiducia
919 1328 1089 1379 virium,
1111 1327 1168 1368 nil
1190 1337 1277 1369 astu
1299 1343 1430 1383 agere,
1452 1328 1655 1369 affirmans
1677 1329 1778 1382 suis,

324 1389 474 1429 occulta
494 1388 649 1428 consi'lza
667 1386 1023 1442 victoriaefurtzvae
1043 1386 1263 1427 convenire.-
1285 1401 1358 1426 nec
1373 1388 1533 1427 hostem
1548 1386 1664 1441 regni
1680 1385 1773 1427 fini-

326 1447 403 1487 bus
422 1461 570 1495 arcere‚
592 1447 662 1486 sed
681 1445 752 1486 ⁴111
772 1445 964 1486 intimum
987 1459 1159 1500 regnum
1181 1443 1388 1496 accipere:
1422 1444 1641 1499 gloriosius
1659 1453 1773 1485 r'atus

325 1505 523 1557 repellere
541 1504 715 1555 bellum,
734 1502 863 1568 quam
878 1518 958 1544 non
979 1503 1204 1543 admittere
1264 1502 1404 1543 Prima
1433 1501 1561 1557 igitur
1580 1516 1772 1558 congres-

327 1561 388 1603 sio
420 1567 435 1592 ⁵
449 1564 490 1602 in
509 1561 665 1615 campis
696 1560 902 1602 Adrastiae
937 1560 1032 1601 fuit.
1090 1559 1139 1599 In
1177 1559 1263 1600 acie
1297 1560 1512 1602 Persarum
1551 1563 1569 1589 ⁶
1584 1567 1773 1601 sexcenta

326 1619 460 1660 millia
489 1619 618 1670 fuere,
649 1634 741 1674 quae
770 1634 853 1660 non
883 1618 1020 1659 minus
1053 1626 1137 1658 arte
1166 1618 1444 1669 ⁷Alexandri,
1475 1617 1601 1672 quem
1620 1617 1772 1659 virtute

329 1677 608 1718 Macedonum
632 1686 833 1731 superata,
863 1683 1003 1731 ⁸terga
1021 1676 1243 1717 verterunt.
1305 1676 1460 1731 Magna
1490 1676 1627 1731 itaque
1649 1678 1776 1718 caedes

327 1734 541 1776 Persarum
563 1735 656 1776 fuit.
718 1736 786 1776 De
807 1735 988 1775 exercitu
1008 1733 1236 1775 Alexandri
1252 1748 1400 1774 novem
1416 1733 1587 1787 pedites,
1608 1743 1773 1775 centum

328 1792 479 1849 viginti
498 1792 655 1849 equites
674 1798 691 1826 ⁹
707 1792 888 1834 cecidere
907 1810 915 1834 :
948 1807 1052 1849 quos
1069 1806 1142 1833 rex
1161 1791 1362 1846 impense,
1383 1794 1433 1833 ad
1446 1801 1684 1834 caeterorum
1699 1806 1774 1834 ex-

117 207 203 245 100

123 519 231 553 Persas
254 535 320 554 vm-

124 566 173 595 cit.

965 1908 1145 1941 NOTAE.

1109 1976 1139 2004 5.
1159 1971 1198 2003 In
1221 1973 1326 2014 campis
1342 1970 1511 2023 Λάκαι-ἤιε]
1553 1973 1658 2013 Quam
1684 1971 1774 2004 alluit

1069 2010 1219 2046 Granicus
1232 2014 1386 2054 fluvius,
1371 2025 1389 2046 a
1404 2024 1465 2057 quo
1486 2014 1546 2046 hoc
1567 2015 1710 2057 praelium
1726 2015 1774 2046 di-

1068 2057 1148 2088 citur
1165 2059 1328 2089 Granicum.

1110 2103 1141 2131 6.
1162 2100 1298 2132 Sexcenta
1312 2099 1434 2142 millia]
1475 2101 1623 2131 Peditum
1645 2107 1773 2132 centum

1067 2142 1174 2179 millia,
1196 2142 1304 2173 decem
1320 2143 1461 2183 equitum
1488 2143 1585 2174 millia
1606 2150 1773 2175 numerant

1068 2184 1146 2215 bene
1168 2185 1278 2216 multi:
1304 2185 1445 2227 equitum
1460 2189 1502 2217 20
1516 2185 1614 2216 millia
1635 2193 1774 2217 recenset

1068 2227 1228 2259 Arrianus.

1110 2273 1140 2301 7.
1162 2270 1349 2313 Alexandra]
1380 2269 1444 2302 Oui
1458 2270 1576 2312 primus
1589 2269 1692 2303 hostes
1701 2281 1774 2302 ver-

1068 2312 1107 2343 tit
1121 2312 1152 2342 in
1166 2312 1286 2354 fugam,
1302 2313 1596 2362 Spithrobatemque
1610 2313 1700 2344 Darii
1714 2323 1771 2355 ge·

374 1977 403 2006 1.
424 1973 610 2023 Tripudmnti
622 1972 748 2015 similis]
782 1971 945 2004 Hastam
931 1983 948 2003 e
963 1971 1034 2002 navi

328 2016 482 2059 jaculatus
496 2015 592 2048 desilii
595 2024 607 2046 t
622 2016 653 2046 in
669 2023 806 2053 terram3
842 2025 860 2045 a
874 2014 942 2046 Diis
964 2014 1035 2055 ipsis

329 2060 439 2091 Asiam
453 2058 541 2090 hasta
556 2058 714 2090 subactam
729 2058 867 2100 accipere
883 2068 914 2088 se
929 2056 1034 2088 clami-

333 2108 410 2134 tans.

375 2148 405 2177 2.
428 2143 580 2186 Heroum]
614 2141 757 2182 Achillis,
770 2142 887 2184 Affers,
907 2149 939 2174 et
961 2142 1034 2173 alio-

332 2196 417 2224 rum,
444 2198 522 2227 quos
543 2186 682 2218 versibus
696 2186 756 2216 suis
771 2186 930 2217 Homerus
951 2195 1035 2216 com-

331 2230 505 2261 mendavit.

374 2276 406 2303 3.
432 2281 502 2302 xxx
517 2274 567 2302 duo
581 2270 695 2310 millia]
720 2270 867 2302 Peditum
878 2275 919 2301 30
928 2269 1037 2309 millia,

331 2314 474 2356 equitum
488 2318 507 2346 5
524 2314 620 2344 millis
635 2320 779 2344 numerat
793 2313 921 2344 Arrian.
935 2312 1034 2344 addit-

330 2366 404 2398 que,
428 2357 667 2387 Parmenionem
692 2365 765 2386 cum
783 2360 842 2387 160
857 2355 1035 2386 triremibus

331 2400 364 2430 in
388 2400 495 2429 Asiam
523 2399 686 2439 trajecisse,
713 2397 930 2429 Alexandrum
958 2398 1034 2429 vero

330 2452 404 2474 cum
419 2446 460 2473 53
478 2441 606 2471 navibus
621 2440 732 2482 longis,
745 2453 779 2471 ex
797 2442 882 2472 Diod.

371 2488 401 2515 4.
416 2484 453 2514 In
463 2486 588 2513 intimum
599 2496 723 2525 regnum.
716 2482 745 2531 .]
762 2482 915 2514 Suadebat
926 2483 1034 2514 Mem·

329 2536 394 2558 non
410 2526 561 2563 Rhodius
585 2533 620 2556 ut
635 2525 762 2556 vastatis
791 2525 885 2567 longe
910 2526 1034 2567 lateque

327 2568 422 2610 agris,
436 2580 475 2599 ne
491 2549 669 2599 Alexander
685 2567 814 2599 ulterius
830 2568 1033 2616 progredere-

329 2618 392 2648 tur,
406 2618 504 2642 totam
530 2609 604 2641 belli
626 2610 744 2642 molem
757 2611 895 2641 Darius
887 2621 918 2641 in
934 2612 1034 2642 Euro-

327 2663 403 2696 pam
416 2660 672 2702 transportaret
683 2652 736 2684 sed
750 2653 903 2684 contraria
931 2656 1032 2685 Satra-

327 2706 440 2737 parum
454 2697 605 2726 sententia
620 2687 712 2731 vicit·
737 2702 772 2731 ut
793 2703 901 2731 contra
927 2695 1031 2730 Mace-

327 2737 423 2772 donas
437 2738 647 2772 dimicaretur.

1067 2364 1176 2386 nerum
1187 2356 1306 2386 eximiae
1317 2355 1506 2386 fortitudinis
1516 2356 1619 2387 virum
1628 2357 1775 2398 peremit,

1067 2408 1084 2428 a
1101 2408 1176 2438 qun,
1187 2398 1243 2428 nisi
1256 2398 1357 2429 Clitus
1371 2397 1525 2434 adfuisset,
1539 2398 1657 2429 occisus
1664 2404 1749 2429 erat.

1110 2444 1138 2471 8.
1153 2441 1255 2489 Terga
1278 2439 1452 2483 verta-‚unq
1494 2441 1529 2471 ln
1550 2440 1616 2482 ipso
1643 2440 1772 2472 Granici

1067 2482 1196 2513 transitu
1211 2493 1280 2514 acre
1293 2490 1448 2514 certamen
1458 2481 1548 2514 fuisse
1559 2482 1697 2514 scribunt
1707 2485 1772 2515 Ar-

1067 2528 1142 2557 rian.
1157 2533 1188 2556 et
1200 2526 1353 2556 Plutarch.
1369 2524 1422 2556 sed
1437 2524 1708 2557 affirmatDiodor.
1721 2527 1772 2557 A·

1066 2568 1248 2600 lexandrum
1261 2567 1358 2599 fluvio
1373 2567 1429 2599 sub
1443 2567 1576 2610 primam
1591 2567 1653 2600 diei
1667 2567 1771 2600 lucem

1067 2618 1242 2642 transmisso
1257 2621 1354 2642 aciem
1376 2618 1560 2642 instruxisse.

1110 2658 1138 2686 9.
1162 2653 1297 2684 CecidSre.
1301 2653 1315 2695 ]
1357 2653 1503 2684 Peditum
1531 2652 1640 2702 decem
1661 2652 1771 2689 millia.

1067 2695 1129 2727 duo
1143 2696 1285 2746 equitum
1299 2695 1430 2737 periere,
1458 2695 1566 2729 hostes
1593 2695 1660 2729 vivi
1686 2696 1768 2738 eapti

1067 2746 1137 2774 sunt
1153 2737 1233 2773 ultra
1248 2742 1290 2771 20
1303 2737 1411 2773 millia,
