1903 3076
609 141 721 184 LIB.
743 123 876 183 xm.
911 142 1042 184 CAP.
1065 142 1152 183 vi.
1717 146 1795 184 135

144 236 257 274 eum,
275 218 407 274 illato,
427 220 654 276 praelioque
676 221 821 274 victor,
850 221 957 262 nihil
994 221 1153 275 praemii
1184 229 1328 275 praeter
1346 223 1516 262 vulnera
1544 230 1583 262 et
1598 219 1736 250 P‘rdfsm

142 280 325 334 pericula
341 279 494 320 retulit.
553 279 720 334 ,Quippe
740 282 873 321 hostes
893 282 944 321 ab
966 280 1053 320 acie
1076 280 1118 320 in
1133 282 1277 320 urbem
1293 280 1457 334 recepti,
1475 279 1581 321 occi—
1591 263 1778 335 ,fijfffif‘dm‘

142 339 197 380 sis
216 337 458 393 conjugibus
487 346 526 377 et
542 336 698 389 liberis,
717 339 860 379 domos
880 337 1053 393 quisque
1073 353 1165 379 suas
1184 353 1279 378 cum
1300 340 1492 380 omnibus
1514 354 1578 378 co·
1594 348 1707 377 Bellum
1720 349 1798 378 inter

143 396 223 450 piis
241 393 520 437 incenderunt.
582 395 743 436 Eodem
778 396 981 451 congestis
1012 395 1136 436 etiam
1157 396 1346 447 servitiis,
1378 395 1583 450 semetipsi
1596 392 1772 463 (ζ’ῗὲἴξξω

144 452 408 508 praecipitant,
428 462 473 492 ut
493 452 598 492 nihil
615 454 744 494 hostis
756 455 884 495 victor
897 469 1064 494 suarum
1081 470 1232 506 rerum,
1249 462 1393 508 praeter
1410 453 1584 495 incendii
1596 445 1609 462 ε
1665 445 1694 464 er
1712 446 1753 463 ‘⁹⁹

142 511 371 567 spectaculo
401 512 616 551 frueretur.
677 516 691 533 ²
711 511 826 562 Inde,
855 522 898 552 ut
933 512 1090 553 viribus
1119 513 1401 553 auctoritatem
1431 513 1588 568 regiam

141 568 381 624 acquireret,
403 571 452 608 ad
472 569 634 621 nuptias
656 569 898 622 Cleopatrae,
928 570 1076 610 sororis
1096 571 1324 611 Alexandri
1357 571 1519 624 Magni,
1547 579 1590 611 et

142 633 158 649 ¹
176 624 342 668 alterius
360 626 588 667 Alexandri
609 630 813 682 quondam
832 628 986 678 uxoris,
1017 643 1097 668 non
1128 639 1365 682 aspernante
1395 628 1594 683 Olympi-

145 687 235 738 ade,
265 694 395 726 matre
418 685 520 738 ejus,
544 685 717 726 intendit
737 700 747 726 ε
776 688 845 726 sed
867 685 980 739 prins
998 686 1284 740 Antipatrum,
1305 687 1379 727 sub
1396 686 1597 728 affinitatis

144 744 334 794 obtentu,
352 758 496 797 capere
518 743 720 797 cupiebat.
774 743 915 797 Itaque
937 744 1056 799 fingit
1073 760 1114 784 se
1132 745 1174 784 in
1191 744 1497 785 matrimonium
1517 744 1598 785 fili-

147 817 214 843 am
234 801 322 856 ejus
343 813 496 855 petere,
526 803 608 857 quo
639 800 805 842 facilius
828 804 878 843 ab
899 817 948 842 eo
968 804 1301 856 supplementum
1333 803 1512 843 tironum
1543 817 1598 843 ex

146 860 393 901 Macedonia
414 861 624 900 obtineret.
685 860 819 915 Quem
841 861 982 900 dolum
1021 866 1035 882 ²
1055 860 1336 914 praesentiente
1359 863 1596 915 Antipatro,

146 920 246 959 dum
266 921 365 959 duas
389 920 531 958 eodem
544 927 726 971 tempore
743 933 890 959 uxores
911 916 1069 972 quaerit,
1090 930 1273 958 neutram
1286 919 1476 960 obtinuit.
1500 920 1598 960 Post

149 980 236 1017 haec
258 977 415 1017 bellum
436 975 538 1016 iuter
558 977 819 1032 Antigonum
850 985 891 1017 et
920 977 1156 1017 Perdiccam
1179 977 1322 1017 oritur.
1384 977 1598 1032 Antigono

149 1035 343 1077 Craterus
373 1045 412 1074 et
443 1034 662 1087 Antipater
703 1034 903 1075 auxilium
944 1035 1130 1075 ferebant
1147 1053 1158 1084 3
1209 1035 1299 1090 qui,
1329 1041 1345 1065 5
1367 1035 1470 1075 facta
1502 1051 1598 1076 cum

148 1092 475 1134 Atheniensibus
498 1107 611 1145 pace,
628 1093 956 1146 Polyperchonta
975 1092 1151 1134 Graeciae
1165 1102 1204 1134 et
1220 1093 1476 1134 Macedoniae
1494 1109 1598 1145 prae-

147 1159 319 1205 ponunt.
380 1152 398 1176 ¹>
413 1150 618 1201 Perdicca,
658 1150 846 1191 alienatis
885 1151 1021 1201 rebus,
1052 1151 1268 1191 Aridaeum
1299 1161 1337 1192 et
1368 1151 1598 1193 Alexandri

151 1208 300 1266 :Magni
324 1208 471 1258 filiurn,
495 1208 536 1248 in
555 1209 833 1262 Cappadocia,
853 1223 1029 1264 quorum
1051 1224 1148 1250 cura
1168 1209 1230 1249 illi
1250 1212 1436 1250 mandata
1452 1211 1599 1261 fuerat,

147 1270 201 1310 de
241 1267 401 1308 summa
439 1267 539 1306 belli
571 1266 612 1306 in
645 1266 863 1307 consilium
894 1267 1073 1308 adhibet.
1133 1267 1394 1323 Quibusdam
1413 1268 1601 1321 placebat

147 1323 306 1366 bellurn
328 1324 371 1365 in
393 1324 681 1366 Macedoniam
702 1325 925 1376 transferri,
963 1327 1012 1366 ad
1047 1325 1186 1378 ipsum
1221 1327 1378 1366 fontem
1408 1335 1446 1366 et
1476 1334 1602 1380 caput

147 1383 278 1440 regni,
307 1382 379 1424 ubi
409 1393 448 1424 et
471 1382 692 1438 Olympias
713 1392 815 1424 esset
835 1392 964 1424 mater
985 1383 1231 1431 Alexandri,
1262 1390 1277 1408 Ε
1296 1398 1375 1424 non
1393 1384 1600 1425 mediocre

148 1450 405 1482 momentum
428 1442 622 1495 partium,
641 1450 680 1481 et
692 1440 846 1482 civium
862 1442 992 1492 favor,
1008 1451 1176 1496 propter
1190 1442 1419 1483 Alexandri
1437 1442 1600 1496 Philip-

149 1500 277 1555 pique
294 1501 461 1540 nomina
476 1517 484 1539 :
519 1502 588 1540 sed
607 1499 648 1545 in
661 1514 748 1539 rem
762 1500 897 1540 visum
915 1510 973 1541 est
991 1503 1041 1540 ab
1059 1501 1250 1555 AEgypto
1268 1500 1460 1554 incipere,
1475 1516 1539 1550 ne,
1555 1501 1600 1541 in

149 1557 439 1599 Macedoniam
454 1557 660 1612 profectis,
674 1557 780 1598 Asia
794 1558 817 1597 a
833 1558 1056 1599 Ptolemaeo
1074 1569 1352 1611 occuparetur.
1400 1559 1580 1598 Eumeni
1587 1592 1601 1612 ‚

150 1625 296 1669 praeter
315 1616 544 1669 provincias
561 1630 659 1671 quas
677 1624 900 1670 acceperat,
917 1615 1213 1671 Paphlagonia,
1231 1625 1271 1656 et
1294 1615 1432 1666 Caria,
1453 1626 1492 1657 et
1511 1617 1599 1672 Ly-

151 1673 229 1724 cia,
250 1682 291 1715 et
310 1674 494 1729 Phrygia
514 1673 771 1728 adjiciuntur.
832 1674 899 1715 Ibi
923 1674 1141 1714 Craterum
1161 1682 1202 1715 et
1232 1674 1502 1727 Antipatrum
1522 1676 1599 1728 op-

152 1731 279 1785 periri
297 1733 486 1786 jubetur:
527 1733 730 1786 adjutores
749 1732 786 1773 ei
807 1734 951 1773 dantur
973 1747 1068 1772 cum
1089 1731 1337 1773 exercitibus
1355 1733 1480 1773 frater
1500 1733 1601 1773 Per-

152 1790 276 1830 diccae
292 1792 477 1842 Alcetas,
492 1800 531 1831 et
542 1791 863 1843 Neoptolemus:
891 1790 1002 1831 Clito
1014 1805 1111 1831 cura
1128 1790 1268 1830 classis
1281 1790 1470 1830 traditur:
1492 1790 1600 1831 Cili-

152 1848 231 1902 cia,
246 1848 417 1890 Philotae
429 1851 629 1902 adempta,
643 1849 870 1890 Philoxeno
883 1850 1025 1890 datur:
1047 1848 1134 1902 ipse
1150 1847 1342 1889 Perdicca
1358 1849 1598 1904 AEgyptum

1596 488 1667 508 cam·

684 1964 1065 1996 INTERPRETATIO.

195 2049 211 2070 ²
235 2051 357 2090 Deinde,
384 2057 416 2082 ut
435 2049 493 2082 sibi
509 2053 576 2093 jam
599 2049 711 2081 viribus
740 2049 862 2091 potenti

151 2101 329 2136 compararet
343 2097 534 2124 auctoritatem
559 2095 678 2134 regiam,
692 2094 784 2123 voluit
805 2106 857 2123 ux-

152 2149 226 2168 orem
240 2138 336 2168 ducere
352 2137 542 2178 Cl.opatram,
561 2149 682 2166 sororem
697 2137 860 2168 Alexandri

153 2181 277 2220 Magni.

196 2223 214 2248 b
231 2222 382 2257 Perdicca,
395 2220 449 2263 qui
463 2228 538 2252 tunc
553 2228 618 2252 erat
631 2223 658 2251 in
671 2220 860 2262 Cappadocia,

155 2267 258 2296 animis
271 2268 312 2297 ad
321 2265 421 2296 bellum
436 2267 568 2302 accensis,
585 2265 714 2295 adhibuit
729 2267 757 2294 in
773 2268 860 2295 consi-

893 2052 962 2082 lium
979 2052 1010 2081 de
1030 2050 1099 2081 bello
1117 2052 1238 2092 gerendo
1262 2052 1419 2088 Addaeum,
1445 2057 1472 2081 et
1500 2052 1594 2082 Alex—

893 2096 978 2123 andri
992 2095 1106 2135 Magni
1117 2094 1229 2135 filium,
1255 2096 1305 2136 qui
1325 2097 1413 2135 ipsius
1437 2107 1509 2124 σανα
1523 2107 1595 2129 com-

892 2138 972 2166 mim·
984 2144 1075 2167 erant.

936 2179 952 2197 Ε
965 2180 1034 2218 Quae
1046 2178 1171 2209 afferret
1176 2180 1271 2221 parti,
1282 2178 1330 2209 cui
1338 2178 1455 2210 save-ret
1466 2191 1596 2221 magnam

890 2228 1055 2264 potestatem
1071 2229 1097 2251 et
1108 2223 1248 2261 favorem
1260 2224 1435 2262 populorum,
1450 2222 1482 2252 ob
1496 2234 1597 2254 memo·-

898 2267 972 2295 riam
987 2264 1125 2306 Philippi
1138 2264 1255 2304 mariti,
1265 2271 1293 2295 et
1304 2265 1467 2296 Alexandri
1480 2263 1546 2296 filii.

783 2373 976 2406 NOTAE.

206 2468 234 2496 l.
256 2465 387 2496 Alterius
402 2459 587 2503 Alexandri]
629 2458 764 2492 Molossi
778 2458 866 2499 Epiri
941 2461 970 2490 3.
990 2458 1082 2489 Facta'
1093 2471 1152 2490 cum
1162 2461 1389 2501 AthenIensibm,
1402 2462 1478 2506 &c.]
1513 2464 1601 2494 Dum

155 2507 248 2550 regis,
263 2506 363 2548 quiin
379 2503 466 2536 Italia
480 2503 583 2546 periit.
898 2499 964 2532 haec
986 2509 1133 2544 aguntur,
1163 2504 1265 2534 Graeci
1291 2504 1392 2535 navali
1422 2505 1529 2546 praelio
1554 2505 1602 2536 bis

198 2555 228 2581 2.
244 2547 465 2589 Praesentiente.]
491 2546 647 2578 Perdiccae
659 2544 785 2576 consilio
795 2547 864 2575 An·
898 2544 971 2576 victi
1000 2553 1070 2575 sunt
1102 2543 1121 2576 a
1151 2544 1236 2577 Clito
1258 2547 1472 2579 Macedonicae
1502 2547 1603 2579 classis

157 2592 274 2634 tipatro
288 2592 410 2622 detecta
424 2597 494 2621 sunt
509 2599 564 2631 per
579 2589 787 2630 Antigonum,
811 2587 862 2627 qui
896 2586 1061 2628 praefecio:
1086 2597 1182 2629 quare
1211 2589 1308 2620 coacti
1331 2597 1400 2621 sunt
1423 2601 1467 2628 se,
1487 2589 1604 2632 suaque

158 2635 176 2665 a
193 2633 340 2666 Perdicca
355 2633 472 2664 insidiis
496 2631 662 2673 appetitus,
689 2630 768 2662 clam
791 2640 848 2661 cuz·
897 2629 1064 2672 Antipatro
1090 2630 1282 2672 permittere,
1309 2633 1361 2673 qui
1377 2632 1510 2677 benigue
1533 2643 1604 2666 usus

109 2701 115 2705 .
159 2677 323 2710 Demetrio
331 2675 396 2709 filio
410 2686 445 2708 ex
454 2673 532 2708 Asia
541 2674 581 2708 ad
591 2684 664 2708 eum
673 2672 862 2717 confugerat.
896 2671 1037 2716 victima,
1051 2682 1160 2717 pacem
1175 2672 1235 2706 illis
1249 2674 1405 2708 concessit.

1103 2725 1179 2760 K4
