1903 3076
129 1088 315 1130 Assyriorum

122 1134 221 1174 prium
239 1132 290 1161 Μ
287 1144 316 1160 o-

125 1175 244 1203 narchia
259 1174 307 1204 sub

124 1217 218 1247 Nino.

122 1523 321 1561 AnnoMunr

123 1566 156 1596 di
174 1569 264 1598 1997.

119 1610 208 1639 Ante
225 1609 317 1641 Chri·—

95 1687 100 1691 *
120 1658 205 1683 stum
220 1655 317 1685 2055.

945 252 1177 296 JUSTINI

402 353 442 387 ’1.
477 343 643 384 Croesum
662 341 799 391 vincit,
818 349 856 383 et
876 343 1002 396 Lydos
1020 342 1199 394 debellat,
1218 358 1266 384 ac
1292 343 1468 398 subjugo
1487 345 1615 385 astute?
1632 345 1782 388 retinet.

520 394 731 440 candaulis
749 401 952 454 tragoea'ia.

401 465 441 500 8.
469 458 622 499 Bellum
641 458 876 512 Scythicum,
909 458 951 500 in
982 473 1055 514 quo
1082 457 1195 500 initia
1220 459 1322 517 Cyro
1337 458 1501 515 filicia,
1523 459 1626 513 finis
1657 470 1784 503 autem

514 515 821 562 luctuosissimus.
877 547 880 549 >

399 584 440 617 9.
475 574 674 631 Cambyses
700 574 800 627 Cyro
814 574 990 623 succedit,
1006 583 1043 614 et
1056 584 1194 615 suomet
1202 575 1335 629 gladio
1350 574 1562 628 corficitur.
1595 575 1784 631 Legitima

512 634 659 684 szaerea'e
676 631 738 673 M
734 632 860 685 ergide
871 633 1037 684 sublato,
1053 633 1180 687 Magi
1191 648 1317 675 rerum
1330 632 1546 689 potiuntur.
1609 635 1783 686 Ostanes,

510 690 675 731 aliorum
686 689 909 747 principum
931 691 1046 747 opera*
1062 692 1230 746 adjutus,
1249 692 1397 746 Magos
1415 693 1459 731 de
1478 691 1596 732 medio
1614 691 1732 732 tollit.

372 756 439 793 10.
469 747 622 789 Darius
652 764 698 789 ex
726 748 813 803 equi
838 748 1003 802 hinnitu,
1036 749 1182 791 servuli
1206 748 1411 802 industria,
1435 749 1496 803 fit
1531 749 1665 790 tertius
1685 748 1783 790 Per-

509 821 641 848 sarum
662 807 763 860 Rm,
782 805 869 850 &a

926 954 1126 997 CAPUT
1156 955 1194 1000 Ι.

337 1088 353 1107 ²
468 1081 744 1124 RINCIPIO
783 1096 937 1134 rerum,
977 1081 1180 1138 gentium,
1224 1082 1518 1138 nationumque
1558 1080 1792 1135 imperium.

519 1156 647 1195 penes
671 1153 812 1182 REGES
830 1150 937 1183 erat:
971 1155 1075 1195 quos
1098 1143 1147 1180 ad
1171 1140 1380 1197 fastigium
1401 1142 1522 1195 hujus
1544 1140 1783 1194 majestatis,

338 1214 418 1240 non
458 1199 632 1241 ambitio
674 1199 894 1252 popularis,
941 1200 1010 1240 sed
1049 1207 1226 1252 spectata
1262 1200 1364 1247 inter
1393 1200 1520 1240 bonos
1556 1198 1782 1239 moderatio

337 1260 600 1311 provehebat.
660 1258 845 1311 Populus
874 1257 997 1298 nullis
1019 1256 1181 1312 legibus
1214 1259 1446 1298 tenebatur:
1479 1256 1647 1297 arbitria
1667 1257 1781 1309 prin-

335 1317 476 1369 cipum
498 1332 572 1370 pro
593 1315 754 1370 legibus
774 1324 901 1356 erant.
933 1314 1054 1356 Fines
1070 1314 1233 1368 imperii
1249 1315 1353 1355 tueri
1375 1315 1519 1370 magis,
1543 1313 1665 1370 quem
1684 1329 1779 1367 pro-

334 1376 550 1426 ferre‚mos
560 1383 662 1414 erat:
682 1374 787 1419 intra
796 1389 909 1415 suam
923 1372 1073 1427 cuique
1087 1373 1259 1426 patriam
1270 1388 1392 1428 regna
1404 1373 1659 1414 finiebantur.
1674 1372 1782 1413 *Pri-

333 1449 425 1473 mus
440 1433 627 1473 omniurn
642 1431 797 1481 Ninus,
815 1432 908 1472 Rex
921 1431 1222 1486 'Assyriorurm
1234 1440 1429 1480 veterem,
1441 1440 1480 1471 et
1491 1430 1610 1485 quasi
1624 1430 1780 1470 avitum

335 1491 525 1546 gentibus
548 1505 720 1541 morem,
741 1489 847 1531 nov&
864 1488 1027 1542 imperii
1044 1488 1263 1542 cupiditate
1281 1488 1466 1529 mutavit.
1516 1488 1600 1530 Hic
1619 1486 1781 1541 primus

334 1550 472 1591 intulit
494 1549 604 1589 bella
625 1551 639 1576 ³
651 1547 854 1598 finitimis,
870 1558 908 1588 et
926 1546 945 1572 b
959 1548 1079 1587 rudes
1094 1549 1224 1587 adhuc
1242 1550 1292 1587 ad
1306 1547 1571 1588 resistendum
1587 1547 1781 1600 populos,

331 1607 525 1651 terminos
538 1621 667 1663 usque
683 1609 698 1631 ⁴
712 1605 874 1662 Libyae,
887 1604 1133 1661 perdomuit.
1164 1604 1196 1645 F
1199 1604 1296 1646 uere
1308 1604 1480 1662 quidem
1498 1610 1513 1634 ⁵
1526 1603 1781 1664 temporibus

866 1721 1250 1755 INTERPRETATIO.

373 1823 391 1843 ³
407 1824 496 1856 Initio
510 1837 604 1856 rerum
619 1825 707 1870 Reges
721 1822 898 1868 imperabant
905 1824 1034 1868 gentibus
1118 1824 1137 1850 b
1156 1825 1255 1853 Gentes
1270 1823 1387 1865 ignaras
1401 1823 1476 1854 artis
1491 1822 1626 1854 militaris
1647 1832 1731 1864 usque
1743 1821 1785 1855 ad

332 1874 359 1901 et
371 1868 536 1901 nationibus.
1064 1866 1139 1908 fines
1152 1866 1252 1907 Libye
1267 1867 1349 1898 vicit.

962 1968 1006 2000 N
1018 1967 1042 2000 0
1059 1967 1153 2000 ΤΕ,

377 2074 406 2102 1.
429 2071 548 2101 Primus
559 2069 678 2100 omnium
691 2068 815 2111 Ninum]
836 2067 929 2099 Filius
940 2069 1038 2100 Nem·
1072 2074 1246 2111 paternam,
1260 2065 1338 2099 illud
1351 2066 1511 2110 propriam
1525 2065 1680 2098 virtutem
1693 2075 1780 2098 com-

332 2111 428 2145 broth
442 2123 495 2143 seu
509 2110 586 2148 Beli,
601 2111 653 2153 qui
664 2113 759 2143 turris
773 2111 870 2143 Babel
885 2111 1039 2142 aedifican-
1072 2110 1242 2141 mendaret.

333 2155 382 2186 dae
395 2155 553 2196 Princeps,
567 2164 686 2185 novum
698 2155 754 2186 sibi
766 2154 858 2185 rudes
868 2153 898 2184 in
911 2153 1042 2195 populos
1114 2157 1146 2184 4.
1168 2152 1284 2195 Libya]
1305 2152 1406 2193 Libya
1419 2151 1584 2194 multiplex
1598 2151 1667 2183 fuit.
1701 2153 1780 2183 Pro·

333 2198 496 2239 usurpavit
508 2197 684 2238 Imperium.
731 2196 836 2228 Nimia
847 2197 879 2227 in
891 2207 964 2227 eum
975 2197 1041 2238 pie-3
1072 2195 1142 2238 prie
1156 2195 1238 2226 dicta
1260 2194 1299 2226 ab
1322 2197 1467 2236 AEgypto
1489 2196 1528 2227 ad
1549 2193 1780 2236 Tripolitanam

334 2247 400 2271 tate
415 2240 518 2272 Ninus
532 2239 742 2270 Idololatriam
757 2239 909 2270 induxisse
923 2239 1041 2277 fertur3
1072 2238 1246 2280 regionem,
1269 2246 1300 2268 et
1315 2238 1432 2278 Syrtim
1447 2238 1599 2278 majorem
1617 2237 1706 2277 juxta
1720 2238 1781 2268 ,ΙΕ-

334 2284 412 2325 (lum
427 2293 508 2321 reos,
522 2282 575 2324 qui
591 2282 631 2317 ad
652 2282 718 2324 ejus
738 2288 872 2316 statuam
894 2280 1041 2324 confuge-
1073 2280 1236 2324 thiopiam‚
1256 2286 1297 2311 et.
1314 2290 1400 2311 mare
1416 2281 1689 2312 Mediterraneum
1711 2286 1780 2310 erat

333 2333 418 2363 rent,
433 2325 535 2368 puniri
550 2325 661 2356 vetuit.
1072 2330 1216 2364 extensa3
1238 2322 1292 2354 ubi
1303 2333 1385 2353 nunc
1400 2319 1533 2365 reg'num
1546 2323 1660 2353 Barcae.
1689 2320 1779 2354 Olim

379 2373 407 2400 2.
430 2367 645 2412 Assyriorum]
666 2368 783 2399 Eorum
797 2367 885 2409 regio
894 2366 961 2407 fere
976 2373 1042 2398 tota
1071 2365 1174 2407 Libya
1188 2365 1295 2397 stricte
1308 2372 1443 2408 sumpta,
1463 2364 1651 2396 Marmarica
1665 2371 1698 2396 et
1713 2364 1780 2406 Cy-

334 2411 419 2444 ultra
432 2410 558 2453 Tigrim
572 2410 631 2441 sita
653 2418 711 2448 est,
733 2410 878 2441 Mediam
894 2417 926 2440 et
941 2409 1041 2440 Susia·
1071 2408 1203 2439 renaica.

336 2465 412 2487 nam
428 2465 544 2487 versus.
586 2452 641 2484 Ab
655 2455 755 2486 Assur
770 2453 853 2484 Semi
878 2452 944 2484 filio
967 2452 1041 2483 dicti
1114 2453 1145 2483 5.
1164 2450 1346 2492 Temporibus
1353 2451 1415 2480 antu·
1435 2450 1547 2493 viores]
1561 2450 1687 2481 Horum
1697 2456 1779 2485 tem,-

335 2505 425 2529 sunt:
450 2507 546 2539 quare
560 2498 670 2532 Assur,
682 2495 779 2527 modo
793 2506 851 2537 pro
859 2503 964 2536 gente.
973 2505 1040 2526 mo·
1073 2503 1185 2535 porum
1197 2492 1325 2525 historia
1335 2464 1447 2524 fabuiis
1458 2501 1603 2534 corrupta
1614 2501 1677 2523 est:
1708 2493 1779 2533 Dy-

335 2539 380 2573 ᾱὸ
395 2551 453 2583 pro
468 2539 611 2579 Principe
619 2538 821 2578 Assyriorum
833 2537 965 2569 sumitur
974 2548 1041 2579 pas·
1072 2536 1178 2567 nastiae
1189 2536 1272 2566 enim
1283 2535 1470 2578 quindecim,
1480 2545 1556 2577 quas
1565 2535 1604 2566 ab
1616 2534 1780 2574 Africano,

336 2584 397 2614 sIm
412 2583 442 2614 in
458 2582 549 2614 sacris
563 2581 677 2619 literis3
698 2580 771 2611 ideo
793 2580 894 2621 Ninus
914 2579 952 2611 ab
969 2580 1039 2621 Epi·
1073 2579 1136 2610 sive
1152 2578 1344 2609 Manethone
1357 2585 1513 2609 mutuatas
1535 2577 1684 2609 Eusebius
1707 2586 1780 2608 ante

337 2625 454 2668 phanio
468 2631 598 2656 vocatur
613 2626 722 2659 Assur.
737 2622 820 2654 filius
833 2622 1021 2654 Nembroth.
1072 2620 1292 2653 Abrahamum
1300 2620 1691 2658 memorat,commentitiae
1699 2626 1783 2652 sunt.

340 2680 342 2682 ’
380 2673 411 2700 8.
431 2666 600 2709 Finitimis.]
620 2665 774 2706 Assyriis:
796 2664 877 2696 illius
891 2666 974 2696 enim
988 2676 1041 2707 pa·-
1075 2664 1106 2694 Si
1123 2663 1206 2694 enim
1221 2673 1316 2695 annos
1331 2662 1516 2700 dinumeres,
1531 2673 1638 2694 earum
1653 2663 1779 2695 initium

336 2717 386 2743 ter
402 2711 504 2747 Belus,
519 2709 632 2742 Chami
654 2717 762 2750 nepos,
785 2707 962 2748 Babyloniis
976 2715 1042 2739 tan·
1079 2709 1159 2738 1785
1195 2705 1281 2737 annis
1315 2705 1433 2737 Adami
1468 2712 1573 2737 ortum
1602 2705 1779 2737 antevertit.

335 2754 406 2785 tum
418 2752 601 2795 imperavit3
613 2751 665 2783 sed
678 2751 780 2782 Ninus
788 2749 896 2792 gloriae
907 2750 1045 2792 cupidus,
1077 2748 1172 2790 Quod
1185 2748 1281 2790 quim
1290 2747 1458 2780 absurdum
1469 2748 1506 2779 sit
1516 2749 1585 2790 quis
1595 2758 1657 2779 non
1667 2747 1779 2779 videt?

338 2795 476 2838 Assyriis
486 2794 569 2826 bello
579 2794 678 2831 victis,
687 2793 890 2834 Assyriorum
901 2794 971 2824 Rex
983 2792 1043 2824 dici
1076 2791 1199 2823 Psimus
1207 2792 1290 2822 enim
1301 2792 1370 2823 Rex
1377 2791 1512 2834 AEgypti
1524 2790 1676 2822 Mesraim
1688 2790 1780 2823 Carni

336 2839 434 2883 quim
447 2837 705 2884 Babyloniorum,
723 2834 856 2876 maluit3
883 2835 970 2879 quod
983 2834 1045 2871 hoc
1085 2833 1180 2873 filius,
1199 2840 1231 2864 et
1257 2833 1374 2868 Noe'mi
1387 2843 1484 2878 nepos
1495 2833 1561 2867 fere
1575 2832 1702 2876 aequalis
1714 2832 1784 2865 fuit„

1881 2587 1900 2798 ς,

1878 2801 1887 3076 ἰ
