1903 3076
492 150 606 192 LIB.
629 149 862 192 XXXVI.
895 151 1035 194 CAP.
1057 151 1097 196 1.

63 249 132 277 sus
151 233 298 275 deinde
313 233 354 275 in
372 234 641 290 Hyrcaniam,
658 235 836 290 benigne
849 245 889 277 et
909 242 922 260 ¹
927 236 1045 290 juxta
1067 238 1225 280 cultum
1239 238 1423 293 pristinae
1440 240 1525 281 for-

63 302 173 335 tunae
195 296 380 334 habetur.
441 293 560 334 Dum
580 296 666 335 haec
689 303 880 348 aguntur,
911 294 1074 335 interim
1095 299 1134 336 iii
1159 299 1274 352 Syria
1299 304 1312 320 ²
1333 301 1525 355 Trypho,

63 353 137 408 qui
173 368 214 393 se
235 361 412 393 tutorem
443 352 696 401 ³Ant20cho,
723 353 929 394 Demetrii
957 354 1160 409 privigno..
1192 358 1382 398 substitui
1406 362 1429 398 a
1450 373 1525 410 po-

62 411 164 464 pulo
208 412 479 459 laboraverat,
520 418 536 440 ⁴
555 410 687 451 occiso
735 412 910 464 pupillo,
951 427 1122 468 regnum
1164 414 1290 469 Syriae
1336 417 1521 457 invadit:

63 472 178 523 ⁵quo
215 470 287 510 diu
316 467 482 520 potitus,
523 472 712 510 ³taudem
746 471 1002 510 exolescente
1042 471 1184 511 favore
1229 475 1399 515 recentis
1444 475 1524 514 im-

62 527 184 580 perii,
221 529 273 567 ab
313 525 556 566 ⁶Antiocho
588 542 714 579 puero
750 528 989 579 admodum,
1029 530 1237 571 Demetrii
1279 532 1417 581 flare,
1451 532 1520 588 qui
1541 549 1738 584 A.M..‘3936.

61 586 107 626 in
126 585 232 626 Asia
251 585 514 636 educabatur,
545 588 560 610 ⁷
574 587 684 626 bello
705 583 903 626 vincitur:
938 587 1162 643 rursusque
1184 603 1357 644 regnum
1390 594 1522 645 Syriae
1537 591 1588 622 0¹>
1609 597 1720 625 ¹6¹·13-

62 646 114 684 ad
134 644 319 685 sobolem
333 643 539 684 Demetrii
559 645 790 684 revertitur.

62 711 104 744 et
135 704 279 754 ⁸pater
311 711 474 754 propter
505 703 741 756 superbiam
773 703 943 754 invisus,
972 715 1012 744 et
1042 705 1167 746 frater
1196 717 1359 760 propter
1389 722 1523 761 segni-

823 645 955 700 Igitur
969 647 1219 687 Antiochus.
1237 663 1395 689 memor
1411 650 1521 704 quod

60 758 160 800 tiern
193 769 453 814 contemptus
485 760 646 812 fuisset,
674 776 724 801 ne
751 761 794 801 in
825 764 968 802 eadem
988 762 1091 803 vitia
1121 763 1332 816 incideret,
1361 767 1524 820 recepta

56 814 102 858 in
136 819 445 861 matrimonium
469 819 702 873 Cleopatrfi,
732 835 859 860 uxore
892 821 1042 874 fratris,
1070 823 1273 876 civitates,
1301 839 1396 879 quae
1421 825 1523 866 vitio
1538 846 1734 879 AMJ3991,

59 878 230 919 fraterni
252 878 418 931 imperii
437 879 683 928 defecerant,
700 880 860 919 summa
882 879 1077 920 industria
1101 882 1373 937 persequitur,
1390 885 1523 924 domi·
1539 888 1592 918 01.
1615 893 1685 920 16⁴2.
1701 895 1732 920 4.

61 934 206 992 tasque
237 951 376 978 rursus
409 937 524 993 regni
553 937 740 978 terminis
770 937 923 992 adjicit.

997 938 1161 991 Juu'aeos
1191 955 1367 997 quoque,
1387 942 1460 997 qni
1480 943 1524 984 in

60 993 332 1036 Macedonico
361 994 537 1049 imperio
563 997 671 1036 ⁹sub
704 996 922 1037 Demetrio
952 1005 1066 1049 patre
1097 999 1220 1038 armis
1253 1015 1294 1040 se
1326 1000 1366 1040 in
1396 1001 1523 1042 liber-

58 1060 186 1095 tatem
209 1053 531 1106 vindicaverant,
563 1057 596 1075 ¹0
611 1053 783 1111 subigit.
844 1055 1032 1112 Quorum
1052 1054 1161 1098 vires
1187 1068 1305 1100 tantae
1325 1059 1456 1111 fuere,
1477 1069 1524 1102 ut

594 1194 983 1228 INTERPRETATIO.

186 1283 204 1306 ³
222 1284 352 1326 Populis
365 1282 457 1316 illum
470 1285 530 1316 odio
542 1283 718 1323 habentibus,
732 1288 781 1329 qui
791 1288 839 1317 illi
841 1288 993 1328 faverant
1003 1289 1111 1330 quando
1126 1299 1240 1331 regnum
1255 1290 1397 1332 arripuit.

708 1386 879 1419 NOTAE.

103 1480 131 1508 1.
153 1477 252 1508 Juxta
271 1476 376 1507 cultum
395 1475 529 1517 pristine
541 1472 698 1517 firmum]
742 1476 775 1505 In

58 1519 203 1551 Phraatis
215 1518 304 1562 regia
319 1518 482 1554 habitavit,
493 1517 621 1560 ejusque
636 1528 776 1549 sororem

57 1562 297 1605 Rhodogunam
310 1562 343 1594 in
365 1561 604 1593 matrimonium
618 1560 719 1600 duxit,
741 1574 775 1591 ex

57 1608 208 1649 Appiano.

102 1653 134 1680 2.
151 1647 296 1691 Trypho]
310 1649 495 1690 Apamenus
509 1656 636 1689 genere,
649 1646 776 1677 nomine

57 1692 221 1725 Diodorus
249 1690 374 1730 Oresio,
403 1690 590 1732 cognomine
617 1689 774 1731 Tryphon

56 1743 257 1777 nuncupatus
270 1733 289 1766 εὶ
305 1734 379 1765 luxu
395 1742 426 1764 et
442 1731 574 1764 delicati
589 1731 654 1763 vita
669 1746 676 1762 :
701 1742 775 1763 nam

60 1780 223 1822 τρυφᾶιθιι
237 1777 334 1809 idem'
350 1784 439 1808 sonat
460 1776 546 1818 quod
578 1777 663 1807 luxui
684 1778 774 1806 indul-

51 1834 133 1866 gere·

103 1869 132 1896 8.
147 1863 311 1907 Antiocho]
354 1861 409 1894 Ab
431 1860 578 1893 omnibus
598 1859 777 1893 Antiochus

57 1906 188 1947 dicitur,
221 1914 410 1948 raeterquam
420 1905 460 1937 ab
469 1905 629 1948 Appiano,
636 1904 690 1946 qui
702 1914 775 1935 eum

58 1950 184 1983 Alexan
227 1961 279 1982 um
295 1956 407 1988 vocat3
431 1949 485 1980 sed
499 1947 592 1979 male.
638 1947 709 1978 Fuit
723 1947 776 1978 ille

57 1993 234 2026 Alexandri
249 1991 334 2025 Balae
349 1991 444 2031 filius,
458 2002 496 2023 ex
512 1989 692 2032 Cleopatra,
706 2001 775 2032 quae

58 2035 170 2080 postea
192 2035 359 2068 Demetrio
387 2042 536 2078 nupserat
550 2046 558 2065 ε
587 2033 673 2066 unde
695 2033 777 2065 illius

57 2079 226 2124 privignus
235 2078 307 2110 fuit.

102 2127 134 2154 4.
159 2123 254 2153 Occiso
271 2120 407 2164 pupillo]
448 2121 513 2152 Per
534 2119 694 2159 Medicus,
721 2118 776 2162 qui

84 2175 197 2197 uerum
212 2163 321 2196 calculi
337 2164 448 2196 dolore
461 2163 602 2195 consumi
616 2163 656 2194 ad
674 2173 774 2204 popu-

59 2176 130 2241 rum
149 2208 286 2244 mentiti,
306 2217 390 2243 eum,
413 2207 490 2238 dum
515 2213 630 2242 secant,
651 2204 774 2237 occide-

58 2256 148 2288 runt,
169 2258 281 2282 auctore
304 2251 448 2292 Josepho:
472 2249 558 2291 quod
576 2257 681 2281 tamen
701 2255 774 2280 ante

60 2294 222 2328 Demetrii
234 2293 252 2325 ὲ
268 2293 392 2325 Parthis
406 2292 621 2334 captivitatem
632 2291 774 2333 contigit.

105 2340 136 2370 5.
151 2338 211 2377 Quo
226 2340 273 2367 diu
284 2335 417 2379 potitus-‘j
444 2338 526 2367 Tres
539 2336 664 2366 tantum
679 2344 774 2364 annos

58 2379 107 2412 illi
121 2380 233 2412 tribuit
249 2381 320 2412 lose
344 2379 419 2410 hus:
443 2389 495 2411 sex
509 2386 615 2409 tamen
629 2377 774 2420 regnavit

62 2422 103 2455 ab
117 2423 224 2454 occisis
237 2422 326 2465 pupil
339 2433 358 2452 o
372 2430 404 2453 et
421 2421 566 2454 jonatha.

105 2470 137 2498 6.
154 2467 297 2498 Antiocho
303 2465 417 2508 picem]
438 2467 511 2498 Non
527 2463 698 2495 admodum
714 2472 772 2504 pu·

61 2517 98 2540 er
107 2509 286 2551 emncujus
297 2516 386 2550 pater
398 2507 437 2539 ab
444 2509 530 2539 annis
536 2506 771 2549 quatuordecim

61 2558 207 2583 mortuus
220 2559 309 2588 esset,
321 2551 437 2593 quique
449 2551 543 2592 paulo
555 2559 625 2591 post
640 2549 772 2589 Cleopa-

62 2601 123 2627 trae
138 2602 300 2637 nupserat:
317 2593 409 2625 simul
420 2595 504 2624 enim
516 2604 585 2624 cum
599 2592 694 2623 fratre
708 2593 774 2622 De-

62 2637 180 2669 metrio
193 2637 406 2669 Alexandrum
427 2637 530 2667 Baiani
547 2636 681 2673 fugerat.
705 2637 774 2666 An-

62 2679 186 2717 nochu-
199 2681 289 2715 Soter
301 2682 338 2714 ab
353 2681 486 2724 vaepho,
501 2679 574 2712 Pius
582 2679 618 2713 ab
626 2679 773 2722 Appiano,

811 1476 930 1508 Sidetes
956 1477 1009 1508 vel
1031 1477 1160 1509 Sedetes
1180 1479 1216 1510 ab
1239 1479 1361 1511 Eusebio
1386 1480 1520 1513 dicitur:

809 1520 894 1559 quod
917 1530 1032 1550 nomen
1047 1521 1092 1551 illi
1115 1521 1196 1552 sorte
1221 1522 1356 1553 inditum
1380 1523 1418 1554 ab
1446 1524 1523 1556 urbe

810 1562 880 1592 Side
904 1563 935 1593 in
957 1563 1142 1604 Pamphilifi.
1162 1564 1216 1595 ubi
1238 1565 1341 1597 fuerat
1363 1568 1524 1607 educatus,

809 1613 843 1634 ut
862 1607 1006 1636 Pomanus
1023 1607 1158 1647 conjicit.

851 1649 883 1679 7.
896 1649 978 1679 Boua
994 1649 1145 1691 viz-citum]
1166 1652 1249 1681 Eum
1258 1649 1276 1681 Ξι
1289 1651 1349 1682 suis
1362 1652 1522 1685 desertum

810 1691 981 1732 Scriptura,
1003 1693 1111 1734 pra-lio
1126 1694 1244 1724 victum
1268 1695 1407 1736 Jesephus
1429 1704 1524 1727 testa-

809 1742 871 1767 tur,
885 1734 1000 1775 fugisse
1014 1736 1147 1771 Doram,
1160 1747 1258 1778 prope
1273 1738 1419 1779 Joppem3
1440 1740 1524 1771 uude

809 1775 884 1817 fuga
899 1777 1030 1819 elapsus.
1043 1778 1094 1809 vel
1110 1779 1331 1810 Orthosiadem
1347 1781 1378 1810 in
1396 1781 1524 1813 Phoeni-

811 1818 873 1859 cia,
895 1819 946 1851 vel
972 1821 1174 1852 Coracesium
1195 1822 1226 1852 in
1250 1822 1360 1854 Cilicia
1381 1826 1521 1866 recepit:

810 1861 863 1893 ubi
878 1863 1017 1894 obsessus
1032 1872 1174 1895 cruentas
1196 1875 1306 1896 manus
1325 1867 1380 1897 sibi
1403 1868 1525 1909 intulit,

810 1912 846 1936 ut
862 1905 958 1937 refert
984 1906 1118 1945 Strab03
1140 1907 1215 1938 dum
1238 1906 1376 1949 fugeret,
1396 1921 1522 1948 aurum.

810 1958 873 1989 quo
905 1958 1127 1992 persequentes
1154 1958 1341 1988 moraretur,
1370 1963 1427 1996 per
1455 1955 1523 1987 vias

809 1991 950 2033 sparsisse
963 1993 1059 2024 tradit
1074 1994 1250 2024 Frontinus.

850 2036 880 2064 8.
903 2036 996 2066 Pater
1012 2043 1134 2078 propter
1152 2037 1344 2079 superbiam.]
1388 2039 1456 2071 Nec
1470 2050 1524 2071 su.

808 2076 917 2117 perbia
937 2080 1031 2120 patri,
1051 2089 1107 2109 nec
1126 2077 1215 2110 fratri
1236 2080 1383 2121 segnities
1397 2081 1522 2121 obfuit;

807 2119 860 2150 sed
885 2128 1009 2163 patrem
1037 2122 1215 2153 vicinorum
1244 2124 1371 2165 Regum
1401 2125 1522 2163 odium,

805 2161 998 2205 fratremque
1013 2165 1143 2196 avaritia
1158 2165 1304 2207 perdidit,
1321 2164 1383 2208 qua
1397 2171 1520 2200 temere

807 2216 876 2237 suos
886 2206 1004 2238 dimisit
1017 2208 1178 2238 exercitus.

849 2253 878 2281 9.
892 2250 952 2280 Sub
973 2251 1119 2281 Demetrio
1136 2250 1249 2293 patra]
1291 2251 1432 2284 Celebris
1453 2253 1521 2285 illas

805 2290 952 2323 victorias
971 2293 1119 2334 intelligit
1142 2304 1159 2324 a
1183 2293 1400 2333 Macclmbffis,
1426 2295 1519 2333 Juds,

807 2334 952 2371 lemma,
966 2343 996 2367 et
1012 2336 1138 2367 Simone
1163 2337 1279 2367 relatus
1301 2337 1340 2368 de
1363 2339 1519 2370 Antiochi

805 2377 960 2420 Epiphani
982 2386 1012 2409 et
1035 2379 1192 2410 Demetrii
1223 2381 1339 2410 Soteris
1367 2381 1515 2413 ducibus:

805 2421 890 2462 quod
905 2421 1063 2463 Scriptura
1074 2422 1182 2453 multis
1196 2424 1402 2464 persequitur.

850 2467 898 2496 lo.
912 2464 1049 2506 Suhign]
1069 2465 1158 2496 Iussu
1176 2465 1339 2497 Ptole-maei
1355 2467 1520 2508 Euergetis

804 2506 906 2540 occiso
921 2508 1061 2547 Simone,
1083 2508 1203 2539 Sidetes
1221 2509 1417 2549 Hyrcanum,
1435 2510 1518 2542 illius

805 2550 917 2586 filium,
946 2551 1068 2582 obsedit
1101 2550 1349 2591 Hierosolymis:
1381 2553 1433 2583 sed
1460 2551 1517 2584 ali-

805 2593 924 2634 quanto
945 2594 1017 2635 post
1038 2593 1137 2625 soluta
1160 2593 1333 2632 obsidione,
1362 2606 1433 2626 cum
1460 2596 1515 2626 Ju-

806 2637 880 2668 daeis
893 2636 994 2668 foedus
1007 2636 1087 2676 iniit,
1108 2634 1276 2669 summain
1291 2647 1344 2669 eos
1364 2648 1436 2670 usus
1460 2637 1516 2670 be-

804 2679 969 2724 nignitate.

1657 170 1740 204 263

1538 634 1739 670 Uib.C.615.

1537 680 1654 711 AnLC.
1666 685 1737 714 136.

1538 931 1735 963 Urbes-eu

1537 977 1614 1007 Ant.
1620 976 1658 1008 C.
1666 980 1719 1008 131
1728 998 1738 1008 0
