1903 3076
616 146 729 189 LIB.
750 144 789 187 1.
831 144 965 188 CAP.
986 145 1096 189 VII.
1744 159 1766 195 1
1775 158 1795 195 ι

200 243 334 285 CAP.
354 238 463 282 VII.
494 238 620 281 Initio
641 239 771 295 regni,
794 240 932 297 Cyrus
950 241 1148 296 Sybarem
1166 247 1396 294 coeptorum
1415 240 1586 295 socium,
1602 262 1694 301 cm,
1718 263 1797 294 cm„

138 316 265 358 quem
279 301 398 354 juxta
418 306 661 339 nocturnum
685 299 823 339 visum
852 299 1058 353 ergastulo
1076 299 1340 351 liberaverat,
1367 297 1659 342 comitem-uim
1677 309 1777 355 pincis,

139 372 222 416 que
241 358 283 399 in
303 357 498 398 omnibus
516 358 637 411 rebus
656 358 868 408 habuerat,
900 357 1033 397 Persis
1056 356 1292 410 praeposuit,
1321 360 1586 414 sororemque
1600 348 1680 419 {1221
1685 361 1734 391 Ψ
1749 363 1795 379 '“

140 431 257 460 suam
277 415 314 456 ei
337 415 377 455 in
399 414 705 456 matrimonium
736 416 859 456 dedit.
921 415 1002 456 Sed
1021 414 1221 466 civitates,
1251 430 1342 469 quae
1365 417 1583 458 Medorum
1598 434 1641 463 A.
1652 413 1696 463 161,
1706 436 1798 465 3494.

140 473 363 526 tributariae
383 474 555 522 fuerant,
588 481 742 514 mutato
775 472 970 526 Imperio,
1008 472 1131 513 etiarn
1162 475 1438 515 conditionem
1469 490 1584 516 suam
1599 475 1788 534 01-55.1.⁰

138 541 337 574 mutatam
358 533 612 581 arbitrantes,
654 532 676 569 a
720 531 834 587 Cyro
870 530 1131 572 defecerunt:
1165 547 1256 587 quae
1277 547 1339 572 res
1361 535 1585 574 multorum
1600 518 1800 593 Χὲζὲὲὲζ

138 590 345 631 bellorum
364 590 476 646 Cyro
492 605 611 630 causa
626 597 667 630 et
682 589 796 645 origo
816 590 908 630 fuit.
970 589 1158 630 Domitis
1179 590 1347 630 demum
1364 592 1600 646 plerisque,=

138 649 237 690 esim
258 652 452 689 adversus
482 653 496 671 ¹
519 647 772 703 Babylonios
802 651 816 671 ²
837 648 993 688 bellum
1015 657 1185 702 gereret,
1211 649 1450 702 Babyloniis
1483 653 1496 677 3
1515 664 1589 690 rex

138 707 354 762 Lydorum
376 706 554 753 Croesus,
572 706 706 759 ⁴cujus
728 720 826 759 opes
846 716 884 746 et
905 705 1061 746 divitiae
1082 705 1260 761 insignes
1283 707 1329 746 ea
1352 717 1588 761 tempestate
1604 735 1686 767 Vide
1701 743 1798 768 notas.

139 775 272 816 erant,
292 764 362 804 ‘in
385 763 588 805 auxilium
609 764 744 804 venit:
777 766 794 790 ⁶
808 764 1022 819 victusque
1042 765 1127 818 jam
1147 766 1198 805 de
1218 779 1258 805 se
1281 765 1497 816 sollicitus,
1516 772 1531 795 ⁷
1548 765 1589 805 in

139 838 314 878 regnum
334 822 502 878 refugit.
563 822 700 876 Cyrus
721 837 888 878 quoque
909 832 997 876 post
1015 823 1250 871 victoriam,
1279 823 1516 877 compositis
1547 824 1589 864 in
1603 846 1801 878 A.M.3506.

138 881 374 934 Babylonia
389 883 524 930 rebus,
540 881 694 920 bellum
710 881 953 921 transfert-in
969 880 1163 935 Lydiam.
1187 881 1252 921 Ibi
1266 883 1428 923 fortuna
1444 882 1589 935 prioris
1603 889 1651 919 Ol.
1667 893 1719 919 58.
1739 893 1768 919 1.

139 939 272 994 praelii
291 940 526 994 perculsum
544 939 631 992 jam
655 938 786 979 Croesi
807 939 1044 987 exercitum,
1081 945 1099 970 8
1114 939 1225 979 nullo
1243 941 1410 995 negotio
1432 941 1588 981 fundit:
1602 931 1804 1006 Ξξξηὲἕὲξ·

143 997 312 1038 Croesus
326 997 413 1050 ipse
433 997 633 1050 ⁹capitur.
683 997 760 1038 Sed
778 996 932 1052 quanto
950 998 1108 1038 bellum
1127 997 1296 1038 minoris
1312 999 1484 1052 periculi
1502 1010 1589 1040 tan·
1647 987 1654 1005 ¹
1670 999 1676 1006 ’
1707 998 1715 1005 '
1788 995 1800 1005 ⁶

140 1057 183 1097 ῒὸ
197 1064 240 1097 et
252 1055 431 1096 ¹⁰mitior
444 1054 614 1095 victoria
626 1054 721 1096 fuit.
756 1056 897 1096 Croeso
911 1065 950 1096 et
964 1055 1066 1108 vita,
1079 1064 1117 1096 et
1133 1056 1371 1109 patrimonii
1388 1065 1538 1110 parte5‚
1551 1065 1592 1099 et

141 1115 239 1156 urbs
257 1115 419 1156 “Barce
438 1128 627 1155 concessa
648 1124 742 1154 sunt
759 1127 770 1155 :
787 1113 829 1154 in
841 1112 923 1169 qua
936 1113 1010 1154 etsi
1023 1129 1102 1154 non
1115 1114 1272 1169 regiam
1289 1115 1433 1168 vitam,
1447 1115 1593 1170 proxi-

781 1238 959 1273 NOTAE.

186 1323 214 1352 1.
235 1319 428 1363 Babylonios]
449 1320 496 1351 Ut
507 1319 565 1351 hoc
576 1317 850 1361 clariusintelliga·
888 1319 1021 1369 Astyagi
1037 1319 1121 1352 affini
1139 1331 1193 1352 suo
1207 1319 1315 1354 illatas.
1337 1320 1495 1354 Aliatthes
1509 1321 1594 1354 enim

142 1369 196 1395 tur
204 1362 321 1404 aliquid
332 1363 471 1394 breviter
484 1363 523 1393 de
536 1362 660 1402 regibus
673 1361 851 1402 Babyloniis

141 1406 328 1444 dicendum
342 1406 460 1448 primus
476 1406 534 1436 fuit
548 1405 639 1440 Phul.
652 1413 686 1436 ut
699 1405 850 1442 diximus;

141 1449 193 1480 cui
208 1447 417 1480 successerunt
431 1448 720 1489 Theclatphalazar‚
734 1447 849 1478 Salma-

142 1501 244 1529 nasar,
256 1491 474 1529 Sennacherib,
491 1491 721 1526 Assarhaddon,
747 1492 851 1521 Mero·

142 1534 260 1566 dachus
275 1534 342 1576 ejus
354 1532 462 1569 affinis,
479 1533 724 1568 Benmerodach,
742 1533 852 1565 Nabu-

143 1575 348 1608 chodonozor
398 1577 510 1616 senior,
555 1576 852 1608 Nabuchodonozor

142 1628 284 1662 magnus,
294 1619 531 1651 Evilmerodach
541 1628 571 1650 et
585 1620 760 1651 Balthazar.
784 1621 853 1651 Hos

144 1672 253 1694 omnes
268 1662 410 1705 regnasse
425 1673 462 1694 ex
478 1663 567 1693 sacris
582 1663 697 1693 Literis
712 1671 852 1694 constat:

144 1704 199 1735 sed
211 1705 260 1736 alii
274 1706 405 1736 Darium
416 1705 560 1741 Medum,
571 1704 621 1736 alii
634 1705 850 1736 Balthazarem

147 1748 267 1779 victum
284 1748 300 1779 a
318 1749 407 1789 Cyro
421 1747 548 1779 volunt:
583 1747 716 1791 primam
733 1756 851 1779 senten-

144 1791 222 1821 tiam
238 1799 366 1822 tuentur
381 1791 569 1832 antiquiores
583 1790 687 1828 multi,
709 1792 852 1828 Berosus,

145 1833 384 1875 Megasthenes,
397 1843 428 1864 et
443 1833 615 1874 Abydenus
629 1834 711 1876 apud
724 1834 852 1865 Eusebi-

143 1887 198 1906 um
211 1888 220 1914 ;
234 1876 362 1907 alteram
372 1876 581 1907 recentiorum
593 1875 853 1919 plerique‚Xeno-

142 1917 308 1960 phomem,
320 1926 351 1950 et
368 1918 538 1960 Josephum
553 1920 686 1960 sequuti.
723 1920 770 1951 Illi
786 1921 847 1950 La—

144 1961 398 1999 borassarchodo,
411 1962 444 1993 id
454 1971 514 2000 est,
523 1962 720 2000 Baithmare,
730 1962 770 1993 ob
783 1973 855 2004 pra-

144 2014 218 2034 vam
229 2004 364 2036 indolem
376 2003 394 2036 a
406 2005 467 2036 suis
478 2006 587 2041 occiso,
600 2004 709 2036 volunt
719 2007 852 2036 Darium

143 2045 245 2097 patria
262 2048 410 2085 Medum,
424 2047 642 2089 conjurationis
657 2049 854 2090 participem,

143 2100 163 2121 a
173 2090 352 2131 proceribus
363 2090 394 2121 in
405 2100 511 2133 regem
523 2090 656 2122 electum
664 2089 853 2128 fnisse,eun1-

144 2143 208 2174 que
224 2132 426 2164 Nabonidum
439 2141 559 2164 vocant.
596 2134 641 2164 Hi
654 2134 728 2164 vero
742 2134 854 2175 quibus

146 2175 306 2214 adhaereo,
327 2176 434 2206 dicunt
451 2176 580 2207 Darium
596 2177 732 2207 Medum
756 2178 854 2218 Cyro,

143 2217 220 2248 dum
232 2217 437 2259 Babyloniam
446 2217 612 2258 obsideret,
623 2220 766 2260 adfuisse,
772 2229 804 2251 et
814 2219 852 2250 ab

145 2271 184 2292 eo
199 2259 290 2292 fuisse
307 2261 484 2302 Babyloniis
498 2263 708 2302 praepositum.

188 2307 218 2334 2.
242 2305 353 2334 Bellum
377 2303 513 2346 gererem]
557 2305 761 2346 Babyloniam
784 2314 852 2348 post

146 2346 289 2377 croesum
306 2346 479 2384 devictum,
492 2354 616 2390 captam
631 2348 769 2380 referunt
785 2360 850 2381 om-

146 2399 201 2419 nes
215 2389 280 2420 fere
295 2389 443 2421 historici.

189 2436 219 2463 3.
242 2433 307 2463 fo
322 2431 494 2474 Lydorum]
536 2433 621 2463 Asiae
638 2433 775 2465 :Minoris
796 2445 851 2477 po·

143 2474 210 2516 puli
226 2483 356 2516 propter
371 2474 543 2517 Phrygiam
559 2477 678 2507 Pactoli
707 2477 790 2520 ripas
803 2478 851 2509 in-

145 2515 299 2548 colebant.

188 2563 218 2590 4.
234 2560 321 2601 Cujus
334 2559 427 2602 open]
441 2561 684 2602 Quatuordecim
697 2561 782 2594 Asiae
793 2573 849 2605 po-

144 2600 235 2644 pulos
249 2602 330 2632 intra
344 2602 463 2645 Halym
474 2603 588 2645 positos
602 2603 775 2647 subegerat.

190 2647 221 2676 5.
233 2645 269 2676 Ia
284 2647 424 2679 auxilium
439 2646 542 2690 venit-J
578 2646 709 2681 Ulturus
724 2647 849 2689 injurias

886 1363 983 1394 Croesi
1013 1372 1100 1401 pater
1123 1363 1221 1394 filiam
1247 1375 1333 1395 suam
1357 1365 1531 1397 Artiennen
1553 1365 1595 1395 ad

885 1415 992 1446 pacem
1008 1405 1195 1437 firmandam
1220 1407 1350 1438 dederat
1372 1408 1505 1449 Astyagi
1527 1406 1595 1439 filio

886 1449 1046 1489 Cyaxaris‚
1067 1459 1201 1490 quocum
1224 1450 1342 1481 bellum
1357 1451 1429 1482 ideo
1444 1458 1595 1492 gesserat,

885 1491 972 1533 quod
982 1491 1146 1531 Aliatthesb
1152 1491 1304 1535 profugos
1316 1494 1447 1536 Scythas
1460 1493 1596 1536 recepis-
1627 1521 1630 1529 ,

887 1542 941 1565 set.
985 1536 1092 1565 Herod.

902 1579 906 1582 ’
929 1581 960 1608 6.
985 1577 1112 1620 Vicina]
1156 1580 1289 1620 Propter
1305 1579 1424 1621 Halym
1449 1579 1596 1616 fluvium,

887 1630 981 1660 quem
996 1621 1137 1652 Thaletis
1153 1622 1302 1652 industria
1313 1623 1487 1654 transierat.
1509 1623 1535 1653 J.
1545 1624 1595 1653 Fr.

888 1664 1066 1694 Gronovius
1078 1663 1166 1705 legit,
1179 1667 1320 1707 victusque
1323 1668 1391 1708 jam
1405 1678 1438 1696 ac
1447 1667 1596 1702 desolatur,

887 1705 972 1747 quod
986 1717 1095 1736 verum
1112 1714 1166 1738 est.

930 1752 958 1779 7.
981 1750 1017 1779 In
1033 1763 1145 1791 regnum
1162 1751 1295 1793 refugit]
1330 1753 1380 1782 Ut'
1392 1751 1500 1788 socios,
1514 1760 1595 1792 prae-

888 1792 995 1822 sertim
1010 1793 1192 1834 AEgyptios‚
1214 1794 1244 1824 in
1271 1793 1420 1825 auxilium
1441 1801 1568 1826 vocaret
1582 1802 1594 1825 z

887 1833 947 1865 foeo‘
955 1845 988 1864 us
1002 1836 1085 1865 enim
1100 1835 1171 1866 esim
1187 1837 1298 1867 Amasi
1313 1836 1433 1868 inierat.

931 1879 1053 1909 8.Nullo
1063 1878 1190 1920 negotia]
1205 1880 1378 1911 Cruentum
1391 1887 1495 1911 tamen
1504 1879 1597 1911 fuisse

889 1920 1031 1962 praelium
1043 1920 1138 1952 refert
1148 1922 1268 1953 Herod.
1299 1923 1390 1954 Licet
1401 1931 1530 1965 propter
1544 1933 1596 1954 ca-

889 1963 1044 1994 melorum
1057 1964 1188 1996 odorem
1204 1965 1334 1996 dimissis
1345 1966 1432 2006 equis
1441 1966 1526 2007 Lydi
1539 1975 1597 2008 pe·

889 2006 969 2036 dites
984 2017 1055 2036 cum
1072 2007 1174 2038 Persis
1187 2007 1344 2049 equitibus
1358 2015 1546 2050 pugnarent.

931 2053 960 2080 9.
985 2049 1130 2092 ὡρίων]
1153 2051 1225 2081 Non
1241 2051 1273 2081 in
1284 2051 1406 2092 praelio,
1414 2051 1466 2082 sed
1476 2061 1597 2094 expug-

889 2090 960 2122 nata
975 2093 1211 2134 quatuordecim
1234 2094 1344 2125 diebus
1356 2093 1442 2136 regia
1458 2094 1597 2130 civitate.

889 2135 984 2166 Sardi.
1028 2136 1124 2166 Sociis
1137 2136 1286 2167 auxilium
1300 2136 1384 2168 ferre
1400 2139 1519 2175 Croeso,
1539 2146 1598 2180 per

890 2177 965 2219 Cyri
980 2177 1174 2219 diligentiam
1187 2189 1250 2210 non
1266 2179 1360 2211 licuit.

934 2225 980 2252 10.
997 2223 1110 2252 Mitior
1124 2224 1247 2253 victoria
1250 2222 1341 2265 suin]
1363 2222 1496 2254 Vinctus
1509 2233 1600 2254 com-

887 2263 1019 2304 pedibus
1034 2274 1125 2305 super
1137 2274 1252 2306 rogum
1264 2265 1427 2306 impositus
1435 2265 1494 2296 fuit
1508 2267 1597 2298 Croe·

888 2315 985 2342 sus.ut
995 2307 1084 2338 vivus
1093 2316 1296 2339 cremaretur:
1310 2308 1363 2339 sed
1373 2309 1442 2339 cum
1452 2308 1599 2340 Solonem

887 2350 996 2391 saepins
1010 2349 1201 2388 inclamaret,
1214 2350 1233 2382 a
1245 2362 1308 2393 quo
1319 2352 1457 2383 audierat
1471 2351 1598 2382 beatum

888 2393 918 2422 in
935 2392 999 2423 vitii
1014 2403 1078 2424 esse
1093 2395 1271 2432 neminem3
1290 2395 1392 2435 Cyrus
1405 2394 1483 2434 ipse,
1507 2404 1599 2425 reve·

888 2435 965 2466 ritus
978 2435 1113 2466 fortuna:
1128 2437 1376 2475 inconstantiam,
1396 2437 1485 2467 illum
1507 2436 1599 2467 flam·

888 2478 948 2508 mis
962 2479 1038 2520 eripi
1052 2479 1149 2520 jussit.
1193 2480 1302 2510 Herod.

934 2524 981 2553 11.
1004 2521 1123 2564 Barce.]
1145 2522 1231 2553 Urbs
1245 2529 1290 2553 est
1306 2521 1519 2564 Pentapoleos,
1577 2535 1599 2552 o

891 2564 966 2604 Cyri
975 2575 1062 2596 arma
1071 2565 1210 2595 nondum
1220 2574 1438 2606 pervenerant:
1450 2533 1573 2605 hancff
1584 2582 1600 2590 -

891 2617 996 2637 renem
1012 2616 1104 2638 vocat
1128 2609 1257 2643 Ctesias,
1278 2618 1347 2649 quae
1362 2608 1393 2638 in
1411 2607 1521 2640 Media
1538 2619 1600 2639 non

890 2649 999 2691 procul
1013 2649 1050 2682 ab
1069 2648 1229 2683 Ecbatanis
1239 2651 1293 2683 sita
1306 2658 1360 2683 est.
1390 2651 1439 2686 ,Ex
1452 2653 1605 2695 Stephano,
