1903 3076
483 182 596 225 LIB.
619 182 1060 249 XXXVIII2CAP.
1082 183 1217 226 VIII.

118 262 229 306 adire
238 263 423 320 potuerit.
466 263 756 318 IVamjustitiae
775 274 885 318 atque
905 263 1156 305 liberalitatis
1174 280 1266 314 succ,
1279 280 1344 306 nec
1363 263 1462 320 ipsos
1472 263 1578 306 mili-

118 334 189 373 tes,
218 322 288 377 qui
302 321 564 378 experiantur,
599 332 704 361 testes
733 323 934 376 rqfugere5
963 333 998 362 et
1029 322 1098 362 illa
1129 323 1271 363 indicia
1299 323 1453 374 habere,
1480 323 1583 377 quod

118 382 217 421 solus
246 395 375 434 regum
404 379 579 430 omnium,
608 395 680 420 non
717 390 886 434 paterna
918 381 1053 429 solam,
1085 387 1099 404 ³
1115 381 1249 420 verzim
1278 381 1392 422 etiam
1425 391 1580 422 externa

115 454 236 492 regna
245 437 531 479 lam-alitatibus
534 448 695 492 propter
704 437 994 490 munificentiam
1002 438 1191 492 acquisita
1190 439 1402 494 possideat,
1408 438 1580 491 Colchos,

121 495 450 553 Paphlagoniam,
473 501 485 518 ²
501 496 750 551 Bosphorum.

182 553 315 594 CAP.
338 553 470 593 VIII.
494 554 559 594 Sic
577 554 765 594 excitatis
788 554 1004 605 militibus,
1025 564 1114 607 post
1131 567 1258 595 annos
1278 563 1357 595 tres
1376 565 1414 596 et
1430 553 1578 610 viginti
1592 545 1778 624 sslfkmuss.

119 611 273 665 sumpti
292 611 425 666 regni,
445 619 458 636 ²
472 610 512 651 in
535 611 721 652 Romana
737 613 844 653 bella
859 612 1077 653 descendit.
1110 615 1172 653 At
1190 615 1230 651 in
1248 614 1437 667 AEgypto
1455 620 1578 655 3mor-
1590 603 1721 665 sceaf}
1731 605 1789 668 fui,

121 679 193 713 tuo
205 684 302 725 rege
319 669 558 721 Ptolemaeo,
571 669 608 710 ei
624 669 697 724 qui
709 670 903 724 ⁴Cyrenis
919 672 1114 726 regnabat
1130 671 1368 721 Ptolemaeo,
1380 687 1451 724 per
1466 673 1576 726 lega·
1586 676 1717 714 pellitur,

122 737 184 770 tos
198 742 373 782 regnum
389 737 427 768 et
444 743 547 768 uxor
568 727 786 781 Cleopatra
798 728 951 783 regina,
969 744 1079 770 soror
1095 729 1226 782 ipsius
1241 729 1437 771 defertur.
1488 731 1578 770 Lae-
1593 719 1791 794 gjhfssffiffl

121 794 188 827 tus
208 786 334 840 igitur
354 788 369 812 ⁵
386 791 462 826 hoc
487 787 573 826 solo
593 785 855 836 Ptolemaeus,
876 788 984 841 quod
1006 787 1094 827 sine
1114 787 1332 827 certamine
1354 789 1579 829 fraternum
1594 783 1791 840 Ur‘bcf'ofgi.

121 858 295 899 regnum
317 844 546 897 recepisset,
569 842 586 867 ¹³
603 843 645 883 in
665 846 776 899 quod
793 845 1005 885 subornari
1026 853 1067 885 et
1087 845 1110 884 ὲ
1133 854 1261 886 matre
1287 845 1519 899 Cleopatra,
1541 854 1580 885 et
1594 847 1793 883 Ant-013⁰.

122 902 265 943 favore
295 902 545 955 principum,
576 901 711 943 fratris
739 903 870 942 filium
891 912 1165 958 cognoverat:
1199 903 1391 944 caeterum
1411 904 1582 946 infestus

123 961 331 1011 omnibus,
361 959 498 1000 statim
517 959 589 1000 ubi
614 960 912 1001 Alexandriam
942 963 1148 1016 ingressus
1171 971 1243 1011 est,
1264 962 1443 1003 fautores
1465 961 1583 1016 pueri

122 1017 315 1058 trucidari
332 1017 470 1071 jussit.
531 1017 674 1070 Ipsum
696 1034 864 1073 quoque
880 1018 944 1060 die
965 1018 1215 1072 nuptiarum,
1236 1020 1388 1074 quibus
1409 1029 1583 1061 matrem

122 1076 214 1130 ejus
231 1076 276 1116 in
306 1076 616 1117 matrimonium
648 1077 885 1130 recipiebat,
915 1077 1023 1118 inter
1056 1087 1271 1131 apparatus
1306 1080 1520 1131 epularum
1541 1087 1584 1120 et.

123 1133 308 1175 solennia
338 1134 599 1188 religionum,
631 1135 670 1173 in
702 1137 920 1188 complexu
952 1135 1090 1176 matris
1119 1135 1340 1186 interficit3
1374 1147 1492 1191 atque
1524 1137 1583 1177 ita

123 1199 262 1233 torum
282 1192 447 1240 sororis,
485 1194 593 1232 caede
613 1192 690 1232 filii
721 1193 807 1247 ejus
843 1204 1046 1244 cruentus,
1076 1194 1269 1235 ascendit.
1343 1195 1437 1235 Post
1472 1198 1583 1249 quod

126 1265 208 1290 non
232 1249 369 1290 mitior
387 1250 429 1290 in
450 1251 683 1303 populares,
719 1251 791 1305 qui
812 1266 907 1291 eum
927 1251 968 1291 in
998 1267 1170 1306 regnum
1207 1262 1466 1300 vocaverant,
1487 1253 1583 1294 fuit.

125 1308 341 1362 Siquidem
364 1307 587 1363 peregrinis
620 1308 822 1349 militibus
849 1309 1013 1350 licentia
1035 1309 1155 1350 caedis
1184 1310 1294 1361 data,
1323 1309 1463 1350 omnia
1494 1326 1584 1351 san-

125 1365 252 1422 guine
282 1366 464 1421 quotidie
485 1367 733 1407 manabant:
781 1366 914 1420 ipsam
945 1383 1111 1422 quoque
1142 1383 1336 1417 sororem,
1366 1368 1452 1408 filissa
1493 1370 1583 1422 ejus

124 1424 285 1479 virgine
306 1438 379 1477 per
399 1423 486 1463 vim
513 1426 706 1478 stuprata,
727 1435 766 1465 et
785 1424 829 1465 in
849 1425 1158 1466 matrimonium
1189 1426 1357 1476 adscita,
1379 1427 1583 1480 repudiat.

123 1481 288 1537 Quibus
307 1483 428 1522 rebus
448 1482 608 1522 territus
641 1484 836 1536 populus,
866 1483 909 1523 in
930 1484 1089 1524 diversa
1118 1484 1284 1534 labitur,
1307 1485 1583 1541 patriamque,

123 1550 239 1581 metu
268 1539 424 1589 mortis,
456 1541 555 1580 exul
587 1540 797 1596 relinquit.
858 1542 977 1582 Solus
1006 1541 1206 1597 igitur‘in
1227 1543 1334 1582 tanta
1355 1545 1456 1584 urbe
1487 1559 1584 1585 cum

124 1597 209 1638 suis
240 1597 407 1638 relictus
437 1597 697 1649 Ptolemaeus,
743 1614 839 1639 curn
878 1615 1017 1655 regem
1049 1615 1089 1640 se
1121 1615 1201 1640 non
1240 1600 1472 1653 hominum,
1514 1604 1584 1643 sed

125 1670 352 1696 vacuarum
381 1655 533 1697 aedium
571 1656 741 1707 videret,
781 1657 912 1698 edicto
952 1657 1190 1713 peregrinos
1231 1657 1422 1700 solicitat.
1483 1659 1586 1715 Qui-

669 1759 1053 1792 INTERPRETATIO.

172 1838 190 1859 ²
235 1839 294 1871 Sed
316 1840 459 1881 postideat
483 1841 568 1871 eiiam
596 1846 714 1871 externa
742 1854 839 1884 regna,
922 1842 939 1867 b
975 1841 1058 1882 Quod
1081 1842 1166 1872 etiam
1193 1842 1366 1882 cognoscebat
1393 1845 1504 1883 deferri
1518 1844 1588 1887 filio

127 1890 265 1923 quorum
278 1883 366 1912 haeres
386 1885 473 1913 dictus
489 1889 530 1913 est
543 1881 561 1913 ἑ
575 1883 712 1925 regibus,
731 1884 763 1915 ob
777 1897 838 1916 mu·
867 1886 997 1925 fratris,
1019 1891 1045 1914 et
1059 1883 1078 1914 a*
1100 1891 1191 1914 matre
1215 1885 1380 1928 Cleopatr&
1403 1894 1430 1917 et
1442 1889 1589 1930 principi·

127 1924 297 1967 affluentiam
311 1923 371 1956 illis
383 1923 402 1956 5.
417 1935 447 1956 se
463 1925 627 1957 exhibitam.
879 1928 938 1964 bus,
954 1927 1008 1969 qui
1022 1925 1067 1957 illi
1071 1927 1227 1968 favebant.

783 2012 954 2045 NOTAE.

177 2094 205 2122 1.
219 2090 419 2133 Bosphorum]
450 2091 604 2123 Geminus
614 2098 671 2128 est,
680 2090 846 2129 Thracius,
921 2096 950 2123 3.
966 2093 1090 2124 Mortuo
1102 2105 1165 2135 rege
1175 2095 1350 2138 Ptolcmaeo.]
1366 2095 1590 2135 Philometore.

131 2133 190 2175 qui
211 2132 354 2174 angustia
370 2133 463 2164 maris
477 2133 607 2165 efficitur
624 2134 705 2165 inter
721 2135 841 2174 Byzan·
879 2135 944 2176 qui,
974 2135 1050 2166 dum
1078 2145 1186 2167 contra
1221 2138 1439 2170 Alexandrum
1479 2140 1589 2171 Balam

131 2176 213 2206 tium
239 2184 271 2206 et
298 2175 540 2213 Chalcedonem,
564 2178 626 2209 The
649 2178 792 2217 Streights
815 2180 851 2218 of
880 2186 1044 2218 pugnaret,
1080 2189 1222 2210 excussus
1257 2190 1351 2221 equo,
1387 2181 1488 2212 tribus
1516 2184 1589 2225 post

135 2219 363 2259 constantinopli>
373 2232 383 2248 .·
402 2219 601 2258 Cimmerius,
613 2220 762 2261 angustiae
779 2230 843 2250 ma·
879 2220 986 2251 diebus
1001 2220 1089 2257 obiit,
1104 2228 1138 2251 ut
1153 2221 1195 2251 ait
1211 2223 1371 2264 Iosephus.

132 2261 177 2291 ris
198 2260 279 2292 inter
296 2260 523 2292 Chersonesum
543 2262 712 2293 Tauricam
728 2262 759 2292 in
782 2263 844 2292 Eu·
920 2267 951 2293 4.
975 2264 1088 2303 Cyrenie
1105 2264 1264 2306 regnabat]
1307 2266 1393 2296 Dum
1417 2267 1500 2297 enim
1516 2278 1589 2299 cum

133 2302 223 2344 repa,
234 2311 266 2334 et
278 2304 461 2334 Sarmatiam
477 2303 508 2334 in
524 2304 610 2339 Asia.
627 2306 686 2336 The
700 2305 844 2346 Streiglaes
878 2305 972 2336 fratre
989 2306 1027 2335 de
1044 2316 1142 2347 regno
1157 2306 1358 2348 disceptaret,
1371 2309 1435 2350 ipse
1448 2311 1591 2351 Cyrenis.

133 2348 172 2387 qs
183 2346 280 2388 Caff‘a‚
295 2345 312 2376 a
328 2356 390 2386 quo
402 2346 593 2388 Bosphorani
608 2347 763 2378 dicuntur.
879 2347 974 2378 frater
995 2347 1209 2387 Alexandriae,
1234 2360 1365 2392 regnare
1387 2353 1405 2384 a
1440 2352 1592 2384 Romanis

178 2392 208 2419 2.
223 2389 260 2419 In
281 2390 410 2419 Romana
435 2390 510 2420 bella
524 2389 680 2432 descendit]
720 2389 844 2421 Mirum
877 2391 976 2432 jussus
991 2399 1044 2422 est.

139 2431 213 2462 sane
224 2431 311 2472 quod
323 2431 460 2462 lustinus
470 2432 576 2463 multis
585 2432 764 2475 loquentem
778 2432 845 2463 Mi·
923 2436 951 2464 5.
968 2433 1032 2463 Hoc
1047 2435 1101 2463 solo
1117 2434 1308 2477 Ptolemen]
1328 2439 1361 2468 A
1378 2437 1393 2467 J
1397 2437 1512 2479 osepho
1527 2448 1591 2469 uno

135 2472 308 2505 thridatem
327 2473 495 2511 induxerit,
514 2474 642 2517 ejusque
659 2483 759 2517 gesta,
770 2474 844 2506 dum
881 2476 911 2506 in
928 2475 996 2506 loco
1012 2475 1245 2514 Philometoris‚
1255 2477 1285 2508 in
1297 2478 1358 2509 alio
1373 2480 1544 2521 Epiphanis
1553 2479 1591 2511 fi-

139 2524 219 2546 esset
237 2516 371 2557 juvenis,
394 2515 534 2558 pluribus
555 2525 777 2559 persequatur3
800 2518 845 2548 ni-

139 2557 246 2598 hilque
261 2558 390 2590 omnino
404 2559 443 2590 de
458 2559 572 2601 praeliis
586 2560 616 2591 in
633 2559 760 2602 Syllam,
782 2561 847 2591 Lu-

140 2599 272 2639 cullum,
284 2609 318 2632 et
340 2602 528 2643 Pompeium
550 2602 671 2634 habeat.
713 2603 848 2633 Romanis

139 2645 213 2674 enim
227 2645 335 2674 tandiu
356 2647 472 2681 restitit,
494 2648 572 2676 donec
584 2647 730 2686 felicitate
752 2646 850 2688 Syllae.

138 2686 249 2717 virtute
255 2687 384 2723 Luculli,
403 2688 534 2729 Pompeii
547 2690 745 2730 magnitudine,
760 2690 850 2719 tribus

140 2728 296 2770 ingentibus
323 2728 401 2762 bellis
422 2731 549 2764 subactuu·
568 2738 782 2769 consumeretur,
804 2731 849 2762 in·

143 2770 214 2814 quit
229 2769 344 2803 florus.

881 2518 938 2548 lius
953 2518 1084 2553 dicitur:
1107 2529 1179 2549 eum
1196 2520 1308 2551 Strabo
1328 2522 1523 2563 Physconem
1535 2533 1593 2553 no-

882 2561 991 2597 minat,
1004 2560 1062 2592 hoc
1079 2568 1138 2600 est,
1150 2563 1361 2594 ventricosum
1374 2577 1383 2602 ;
1401 2565 1592 2606 Epiphanius

886 2603 1098 2644 philologum,
1111 2603 1143 2634 id
1166 2612 1222 2640 est,
1243 2606 1401 2637 eruditum
1417 2607 1467 2638 vel
1483 2608 1593 2650 loqua-

883 2657 951 2676 cem
967 2646 1090 2687 potius3
1113 2646 1165 2676 sed
1179 2647 1242 2687 ipse
1268 2649 1439 2690 Euergetes
1460 2650 1522 2682 dici
1536 2661 1593 2682 vo-

884 2688 961 2719 luit:
985 2687 1024 2718 ab
1042 2689 1261 2720 Alexandrinis
1274 2698 1378 2722 tamen
1396 2692 1593 2736 Caeci-getes,

885 2731 948 2761 sive
963 2730 1132 2768 maleficus,
1153 2740 1280 2762 vocatus
1293 2741 1350 2771 est,
1372 2733 1412 2764 ob
1429 2736 1592 2771 crudelita-

893 2779 961 2804 tem
977 2780 1008 2806 et
1026 2772 1179 2806 libidines.
1220 2775 1273 2806 Ex
1291 2778 1437 2810 Atheneo.
