1903 3076
570 159 683 203 LIB.
704 138 799 201 XI(
833 159 965 202 GAP.
987 159 1073 202 111.

101 243 278 287 orientes
293 242 509 286 nonnullas
530 245 543 263 ²
560 241 777 284 seditiones
793 241 1002 289 exstinxit.
1062 239 1227 296 Quibus
1241 240 1360 282 rebus
1376 247 1550 292 erectus,

101 305 227 346 citato
247 304 375 359 gradu
394 301 436 341 in
455 299 664 341 Graeciam
686 300 913 342 contendit:
946 298 1034 351 ubi,
1055 300 1247 353 exemplo
1263 298 1387 353 patris
1401 298 1550 339 Corin-

100 363 220 403 thum
237 358 418 402 evocatis
438 357 686 408 civitatibus,
705 361 790 400 dux
810 360 851 399 in
871 359 1010 399 locum
1024 357 1113 411 ejus
1130 360 1145 378 ²
1163 355 1434 398 substituitur.
1484 356 1552 396 In-

105 422 297 463 choatum
314 417 460 458 deinde
481 417 504 456 a
528 424 642 470 patre
663 417 874 460 Persicum
891 415 1050 457 bellum
1071 415 1308 471 aggreditur
1326 431 1334 454 z
1368 414 1410 454 in
1431 414 1547 468 cujus
1563 437 1651 469 AM.
1666 439 1761 470 8719,

102 485 297 534 apparatu
317 484 513 529 occupato
534 475 756 517 nuntiatur.
788 473 1057 515 Athenienses
1086 483 1126 514 et
1157 473 1378 514 Thebanos
1411 474 1461 513 ab
1496 487 1545 513 eo
1562 481 1747 512 01.111.2.

102 539 153 576 ad
173 535 315 577 Persas
343 534 554 587 defecisse,
583 543 870 588 auctoremque
892 532 980 586 ejus
1001 531 1257 581 defectionis,
1287 546 1436 586 magno
1458 530 1545 570 auri
1562 523 1762 599 {gb-{gg}

101 595 278 648 pondere
299 592 323 632 a
342 592 474 633 Persis
494 601 746 645 corruptum,
768 591 1092 632 Demosthenem
1107 599 1306 630 oratorem
1322 589 1521 629 exstitisse
1533 604 1548 637 ;
1616 574 1638 599 τ’
1677 589 1684 597 “
1736 582 1767 598 ”“

101 650 175 706 qui
197 650 475 691 Macedonum
495 652 648 692 deletas
679 664 822 690 omues
843 664 936 690 cum
955 663 1051 704 rege
1071 647 1210 702 copias
1225 647 1248 687 a
1266 647 1466 688 Triballis
1484 647 1548 687 af-

97 707 335 760 firmaverit,
354 711 550 762 producto
569 708 613 749 in
631 706 871 748 concionem
893 714 1072 756 auctore,
1093 705 1166 761 qui
1183 705 1227 746 in
1246 705 1473 758 eo'praelim
1504 704 1549 746 in

100 782 182 823 quo
201 781 274 807 rex
287 766 495 816 ceciderit,
512 782 554 808 se
570 781 734 822 quoque
750 766 1010 806 vulneratum
1026 764 1192 804 diceret.
1243 763 1335 820 Qua
1352 764 1547 818 opinione

97 833 275 866 mutatos
295 824 482 865 omnium
499 825 629 866 ferme
650 824 864 864 civitatum
882 823 1038 864 animos
1055 838 1162 863 esse:
1196 820 1385 876 praesidia
1405 822 1548 862 Mace-

97 885 254 924 donum
273 881 466 924 obsideri.
527 883 688 939 Quibus
717 882 896 926 motibus
925 895 1179 931 occursurus,
1208 881 1319 921 tanta
1340 879 1545 920 celeritate

97 941 294 982 instructo
303 951 532 996 paratoque
546 941 725 982 exercitu
738 939 950 982 Graeciam
965 939 1183 993 oppressit,
1195 948 1256 991 ut,
1267 953 1393 994 quem
1406 938 1545 979 venire

99 1014 182 1040 non
203 1009 420 1050 senserant,
441 1000 578 1040 videre
600 1015 640 1040 se
658 998 732 1039 vix
753 1000 972 1039 crederent.

161 1057 295 1104 CAP.
317 1057 401 1098 III.
443 1057 493 1098 In
508 1057 676 1099 transitu
696 1059 876 1097 hortatus
896 1056 1120 1096 Thessalos
1141 1055 1295 1105 fuerat3
1326 1054 1547 1096 beneficio-

99 1130 275 1171 rumque
289 1115 475 1168 Philippi
494 1115 632 1169 patris,
651 1126 925 1170 maternaeque
942 1129 1024 1155 suae
1045 1128 1139 1154 cum
1160 1114 1224 1154 his
1244 1115 1295 1154 ab
1319 1118 1332 1143 3
1353 1097 1735 1180 AEacida-ssst‘fsssslgffl

100 1188 193 1214 rum
213 1183 331 1228 gente
353 1173 661 1214 necessitudinis
693 1177 973 1213 admonuerat.
1016 1166 1198 1225 'Cupide
1228 1174 1315 1213 haec
1337 1172 1545 1212 Thessalis
1559 1185 1707 1224 cogitantes

100 1231 375 1283 audientibus,
404 1232 595 1285 exemplo
624 1232 764 1285 patris,
794 1233 879 1272 dux
899 1231 1098 1271 universae
1118 1230 1251 1286 gentis
1270 1240 1426 1270 creatus
1447 1240 1545 1283 erat,
1561 1229 1672 1280 ‘⁰fsf‘ff·

100 1298 142 1331 et
160 1289 379 1344 vectigalia
397 1289 536 1330 omnia
554 1289 791 1344 reditusque
808 1304 900 1330 suos
916 1290 953 1328 ei
966 1288 1226 1330 tradiderant.
1270 1289 1349 1330 Sed
1364 1288 1544 1328 Atheni-

98 1363 226 1398 enses,
257 1347 377 1389 sicuti
408 1347 533 1402 primi
568 1349 812 1397 defecerant,
843 1348 898 1388 ita
929 1346 1052 1400 primi
1082 1346 1275 1400 poenitere
1305 1346 1542 1397 coeperunt:

97 1415 384 1459 contemptum
408 1405 535 1448 hostis
564 1405 607 1446 in
635 1405 944 1447 admirationem
982 1413 1201 1456 vertentes,
1242 1403 1545 1460 pueritiamque

97 1464 342 1516 Alexandri,
372 1474 547 1518 spretam
569 1464 704 1515 antea,
725 1469 847 1517 su‘pra
875 1463 1070 1505 virtutem
1088 1472 1276 1504 veterum
1296 1466 1448 1513 ducum
1469 1478 1546 1503 ex-

97 1523 301 1563 tollentes.
360 1526 375 1548 ⁴
390 1523 533 1563 Missis
550 1522 687 1578 itaque
706 1522 867 1578 legatis,
887 1523 1045 1562 bellum
1066 1522 1332 1574 deprecantur
1351 1538 1358 1562 :
1391 1521 1543 1576 quibus

102 1580 267 1631 auditis,
287 1590 324 1622 et
337 1582 513 1636 graviter
533 1587 548 1612 ⁵
565 1581 800 1634 increpatis,
817 1581 1054 1620 Alexander
1069 1580 1227 1619 bellum
1238 1578 1410 1620 remisit.
1442 1580 1544 1620 Inde

100 1638 269 1679 Thebas
288 1638 512 1679 exercitum
533 1639 748 1689 convertit,
769 1639 911 1682 eadem
932 1641 949 1667 ⁶
964 1637 1215 1692 indulgentia
1235 1652 1396 1687 usurus,
1418 1637 1452 1677 si
1469 1653 1544 1690 pa-

99 1711 188 1736 rem
209 1696 490 1750 poenitentiam
509 1696 747 1738 invenisset.
800 1697 878 1737 Sed
892 1694 1082 1735 Thebani
1096 1695 1235 1746 armis,
1257 1711 1334 1735 non
1351 1695 1543 1749 precibus

96 1769 171 1795 nec
193 1755 475 1808 deprecatione
495 1755 562 1797 usi
584 1764 693 1797 sunt.
751 1754 922 1810 ⁷Itaque
952 1753 1069 1806 victi,
1098 1753 1341 1809 gravissima
1370 1769 1544 1810 quaeque

1716 166 1771 204 9²1

733 1871 909 1903 NOTAE.

141 1952 168 1981 1.
191 1949 340 1980 seditiones
352 1947 515 1990 exstinxit]
542 1948 584 1980 Et
597 1947 629 1980 iu
641 1946 761 1980 Graeciii
776 1955 808 1979 et
822 1966 826 1971 ·
839 1948 1078 1986 Demosthenes,
1087 1946 1204 1989 quisibi
1212 1945 1434 1979 abAlexandro
1443 1952 1547 1977 metu-

98 1991 133 2022 in
148 1991 241 2028 Asia;
259 1991 312 2022 hic
326 1992 408 2022 enim
424 1991 582 2030 Attalum,
598 1991 659 2022 illic
673 1992 805 2022 Demos-

100 2035 228 2066 thenem
243 2034 373 2076 pecunia
399 2033 514 2065 Darius
538 2042 728 2076 corruperat,
750 2034 803 2065 sed

99 2076 278 2108 Alexander
290 2076 378 2107 illum
390 2077 532 2108 Hecataei
546 2085 577 2108 et
594 2076 806 2108 Parmenionis

99 2119 195 2162 opera
209 2120 310 2151 necari
327 2119 445 2150 curavit
458 2135 465 2154 ;
487 2119 570 2150 hunc
584 2119 648 2161 ipse
663 2119 757 2151 ducto
772 2119 803 2149 in

98 2161 306 2194 Athenienses
320 2161 456 2192 exercitu
472 2164 670 2204 compescuit.

145 2210 173 2235 2.
196 2205 406 2244 Suhrtituitur]
445 2204 498 2235 Ab
514 2205 657 2236 omnibus
672 2204 803 2236 Graeciae

101 2247 223 2290 populis
236 2256 350 2289 praeter
372 2247 636 2285 Lacedaemonios,
664 2247 717 2289 qui
742 2258 802 2278 non

100 2290 177 2321 alios
186 2291 308 2328 sectari,
318 2289 373 2320 sed
385 2289 449 2320 aliis
459 2300 587 2331 praeesse
597 2289 804 2331 solebantjac—

100 2339 168 2364 tare
180 2333 385 2363 Athenienses
399 2332 493 2367 enim,
506 2332 577 2363 licet
584 2331 806 2364 Demosthenis

100 2375 261 2406 consilium
270 2375 378 2413 secuti,
385 2374 488 2406 audita
497 2375 632 2417 Philippi
641 2383 754 2414 morte,
761 2386 806 2406 sa-

103 2417 297 2454 crificassent,
311 2426 342 2448 et
354 2428 500 2448 coronam
511 2418 715 2449 decrevissent
724 2420 804 2449 Pau-

103 2460 212 2498 saniae3
238 2459 408 2491 Alexandri
424 2467 528 2490 tamen
543 2461 679 2492 adventu
693 2461 806 2498 territi,

103 2502 193 2545 plura
208 2501 266 2542 ini,
279 2502 373 2544 quam
390 2502 535 2543 Philippo
550 2502 771 2534 concesserunt.

147 2550 176 2576 3.
198 2545 411 2588 AEacidarum]
456 2546 518 2586 Qui
541 2545 578 2577 ab
595 2547 706 2585 AEaco,
722 2545 807 2576 Jovis

103 2597 141 2618 ex
156 2586 281 2630 Europa
291 2587 368 2624 filio,
377 2587 530 2620 ducebant
541 2588 692 2631 originem
702 2600 711 2626 ;
724 2588 806 2620 unde

104 2637 172 2659 orta
186 2629 285 2661 suerat
298 2630 470 2672 Olympias·
672 2652 679 2657 2

149 2676 176 2702 4-
198 2674 309 2708 Minis
323 2676 416 2715 itaque
429 2672 555 2716 legatis-'1
578 2674 612 2706 ln
625 2673 738 2718 quibus
746 2673 808 2708 fuit

842 2002 904 2028 ens,
915 1992 1019 2022 medio
1029 2002 1066 2022 ex
1075 1991 1185 2021 itinere
1195 1991 1325 2021 domum
1335 2000 1476 2020 reversus
1490 1996 1545 2020 est.

882 2037 912 2066 5.
932 2033 1107 2076 Increpitis.]
1127 2033 1258 2064 Diodor.
1272 2034 1314 2063 ait
1327 2031 1547 2063 Alexandrum

840 2077 1073 2120 perhumaniter
1086 2076 1196 2117 legatis
1209 2076 1411 2117 respondisse.

882 2125 911 2152 6.
931 2118 1110 2161 Indulgent&
1120 2117 1243 2160 usurus]
1287 2118 1352 2149 Ubi
1365 2117 1404 2148 ad
1419 2116 1547 2148 Thebas

818 2166 825 2188 ¹
839 2174 910 2195 rum
924 2170 1030 2205 portas
1042 2170 1196 2204 pervenit,
1217 2161 1393 2192 rebellionis
1406 2170 1548 2190 auctores

842 2205 1015 2237 Prothitem
1029 2213 1059 2236 et
1072 2204 1251 2236 Phoenicem
1263 2203 1421 2246 poposcit;
1437 2210 1546 2233 contra

839 2248 983 2280 Thebani
999 2247 1156 2279 Philotam
1172 2255 1203 2278 et
1220 2247 1296 2278 Anti
1320 2253 1434 2286 atrum,
1446 2244 1547 2276 Alex-

841 2292 930 2322 andri
944 2290 1152 2327 amicissimos,
1174 2288 1231 2320 sibi
1247 2257 1318 2320 decii
1338 2287 1468 2330 jubent:
1492 2290 1544 2320 Ita

840 2335 1023 2364 Plutarchus.

883 2381 913 2409 7.
933 2378 1035 2418 Itaque
1048 2375 1142 2418 victi]
1184 2374 1287 2406 Tanta
1302 2374 1360 2406 fuit
1374 2373 1545 2405 Thebano-

841 2430 912 2450 rum
934 2417 970 2450 eft
994 2419 1025 2449 in
1050 2416 1157 2460 pugna
1181 2417 1345 2453 fortitudo,
1370 2425 1407 2447 ut
1434 2418 1547 2447 Mace-

841 2463 936 2493 dones
949 2461 1070 2504 egerint
1084 2461 1115 2491 in
1128 2460 1237 2502 fugam
1259 2461 1372 2502 eosque
1394 2458 1548 2498 vicissent,

840 2505 897 2535 nisi
925 2503 1118 2542 Alexander,
1145 2502 1294 2534 instructa
1320 2502 1485 2545 phalange,
1510 2502 1545 2532 in

842 2558 894 2578 eos
908 2547 1058 2584 irruisset,
1069 2553 1101 2578 et
1115 2546 1306 2577 Macedones
1327 2557 1364 2577 ex
1378 2555 1447 2576 arce
1462 2543 1547 2576 Cad-

843 2588 911 2620 mez‘i
928 2589 1042 2631 egressi
1055 2599 1108 2620 eos
1120 2588 1139 2620 a
1153 2596 1245 2630 tergo
1260 2588 1361 2619 adorti
1382 2589 1547 2619 victoriam

844 2631 1023 2663 Alexandro
1044 2631 1246 2675 peperissent,
1267 2631 1315 2663 uti
1335 2638 1459 2663 narrant
1483 2631 1548 2663 Ar-

843 2678 918 2716 rian,
931 2682 963 2710 et
977 2676 1063 2710 Diod.
1242 2716 1288 2762 H
