1903 3076
599 155 711 197 ΠΒ.
735 140 907 195 XLIV.
951 152 1082 195 CAP.
1104 150 1188 195 111.
1725 158 1802 193 325

155 247 350 291 didicere.
407 246 457 288 In
476 246 588 287 tant&
621 247 850 287 seculorum
869 243 971 286 serie
1003 246 1140 285 nullu's
1174 243 1260 284 illis
1294 243 1378 283 dux
1407 256 1595 296 magnus,

154 311 168 328 ¹
186 317 328 360 praeter
346 304 574 353 viriatum,
591 304 667 344 fuit
683 320 691 343 :
716 303 790 359 qui
805 303 942 344 ²annis
960 305 1101 343 decem
1114 302 1323 342 Romanos
1340 301 1450 340 vari&
1469 299 1595 339 victo-
1609 306 1700 336 ΑΜ.
1712 310 1807 338 3906.

153 365 217 406 rial
231 363 438 419 fatigavit,
456 362 580 418 (adeo
598 361 695 403 feris
711 361 916 415 propiora,
931 360 1057 416 quiim
1073 359 1328 408 hominibus,
1348 357 1510 413 ingenia
1528 372 1596 412 ge-
1610 348 1804 421 ῧῑῶξῗῐὶὲ·

153 421 274 477 runt)
297 435 417 476 quem
437 434 574 472 lpsum
596 435 674 460 non
710 419 867 473 judicio
884 418 1027 472 populi
1049 418 1242 467 electum,
1274 419 1340 456 sed
1363 425 1409 457 ut
1428 415 1600 456 cave'ndi
1611 436 1805 466 Annulzm.

151 479 362 529 scientem,
378 477 795 532 declinandorfimque
828 477 1104 530 periculorum
1124 475 1314 528 peritum,
1346 473 1471 514 secuti
1492 483 1599 513 sunt.

155 537 288 591 Cujtis
306 551 354 577 ea
372 535 504 576 virtus
520 533 842 589 continentisque
864 535 958 585 fuit,
979 543 1025 574 ut
1044 534 1140 574 cum
1162 537 1176 561 3
1188 532 1419 585 consulares
1442 531 1599 571 exerci-

153 603 218 637 tus
233 595 467 648 frequenter
483 593 643 642 vicerit,
656 593 774 633 tantis
790 593 912 634 rebus
930 592 1054 647 gestis
1071 607 1151 631 non
1167 604 1389 637 armorum,
1411 604 1491 628 non
1507 604 1599 630 ves-

152 652 207 694 tis
225 652 396 701 cultum,
417 667 497 692 non
517 651 690 706 denique
708 650 1125 691 victum-mutaverit:
1178 650 1247 690 sed
1283 647 1326 687 in
1360 663 1408 688 eo
1438 646 1600 698 habitu,

150 725 233 766 quo
251 709 605 764 primum-bellare
626 708 762 762 coepit,
783 707 1100 761 perseveraverit
1120 725 1132 756 3
1162 715 1210 748 ut
1231 704 1366 762 quivis
1386 704 1600 760 gregarius

151 767 271 809 miles
291 767 382 820 ipso
402 767 643 820 imperatore
664 766 894 819 opulentior
912 765 1134 806 videretur.

211 825 347 866 CAP.
375 824 459 866 III.
519 825 568 866 In
598 824 826 876 Lusitanis,
861 824 980 877 juxta
1016 823 1188 864 fluvium
1219 828 1234 850 ⁴
1256 822 1439 877 Tagum,
1476 829 1598 861 vento
1611 841 1762 882 Equarum

151 898 274 940 equas
295 883 416 925 foetus
436 883 649 936 concipere
683 882 805 923 multi
840 890 1022 922 auctores
1054 880 1265 932 prodidere
1286 898 1294 920 :
1327 895 1420 935 quae
1443 879 1594 919 fabulae
1611 885 1804 913 [ιω-ἐναύσα-

150 956 203 982 ex
223 956 423 997 equarum
453 941 730 992 foecunditate,
758 950 798 980 et
831 954 1003 995 gregum
1036 938 1298 980 multitudine
1329 948 1432 977 natae
1468 946 1560 1002 suut
1578 954 1586 977 :
1606 927 1805 1000 gffliffiz'jffjm

149 999 221 1054 qui
240 999 342 1041 tanti
361 999 404 1039 in
445 1003 461 1027 5
480 999 682 1040 Gallaecia
701 1010 740 1038 et
760 997 985 1046 Lusitanis,
1015 1001 1032 1025 ⁶
1051 1012 1096 1037 ac
1123 1006 1206 1040 tam
1228 995 1411 1049 pernices
1448 1010 1591 1035 Vlsun-
1606 1015 1695 1054 origo.

150 1066 231 1109 tur,
263 1067 407 1098 utnon
436 1056 641 1097 immerito
664 1066 783 1097 vento
805 1056 896 1108 ipso
926 1056 1109 1108 concepti
1128 1055 1357 1094 videantur.
1418 1052 1596 1094 Ganaeci

151 1124 290 1156 autem
309 1115 506 1156 Graecam
543 1115 622 1156 sibi
652 1114 854 1169 originem
876 1124 1071 1154 asserunt.
1133 1112 1346 1166 Siquidem
1366 1120 1456 1165 post
1474 1110 1598 1151 finem

151 1172 321 1227 Trojani
342 1173 459 1224 belli,
488 1176 503 1200 ⁷
525 1173 737 1214 Teucrum
766 1179 896 1212 morte
935 1178 952 1201 ⁸
973 1171 1116 1225 Ajncis
1147 1170 1284 1210 fratris
1313 1169 1496 1209 invisum
1526 1184 1600 1222 pa-

152 1231 204 1272 tri
243 1237 260 1261 ⁹
282 1229 518 1282 Telamoni,
538 1231 633 1272 cum
652 1246 732 1272 non
753 1229 997 1284 reciperetur
1017 1230 1060 1270 in
1081 1244 1268 1284 regnum,
1290 1227 1480 1282 Cyprum
1502 1242 1600 1266 con-

149 1288 332 1340 cessisse,
361 1301 483 1345 atque
504 1289 565 1328 ibi
586 1290 730 1329 urbem
759 1287 923 1328 nomine
954 1288 1130 1342 antiquae
1165 1285 1306 1340 patriae
1339 1289 1374 1306 ¹⁰
1395 1284 1602 1326 Salamina

149 1345 395 1387 condidisse.
459 1346 557 1387 Inde
578 1346 744 1399 accept&
765 1345 956 1399 opinione
972 1356 1147 1399 paternae
1162 1343 1322 1394 mortis,
1343 1343 1517 1394 patriam
1538 1358 1603 1383 re-

148 1405 314 1459 petisse.
366 1405 444 1446 Sed
457 1405 587 1460 quum
601 1407 652 1444 ab
667 1405 892 1457 Eurysace,
909 1404 1054 1457 Ajacis
1068 1404 1168 1453 filio,
1186 1416 1351 1442 accessu
1364 1400 1600 1456 prohibere-
1615 1419 1815 1448 A.M.53875.

149 1472 230 1516 tur,
243 1463 454 1518 Hispaniae
469 1463 662 1505 litoribus
674 1463 912 1517 appulsum,
923 1462 1029 1514 loca,
1045 1462 1119 1503 ubi
1134 1475 1239 1502 nunc
1261 1471 1320 1502 est
1342 1464 1372 1482 ¹²
1393 1459 1601 1515 Carthago
1616 1462 1657 1492 A.
1668 1461 1705 1493 C.
1721 1464 1814 1494 [177-

799 1581 872 1615 No
884 1581 967 1613 TAE.

197 1696 226 1724 1.
246 1693 361 1724 Praeter
378 1693 552 1736 Vbiorum-J
588 1693 723 1725 Natione
737 1693 860 1726 Lusita·
874 1697 878 1756 ἱ
891 1703 930 1724 ex
956 1691 1016 1724 unii
1031 1699 1118 1734 parte
1134 1693 1296 1723 Oceanum
1323 1691 1539 1723 Atlanticum:
1565 1702 1603 1723 ex

150 1744 208 1766 nus
223 1733 293 1772 fuit,
318 1735 387 1766 loco
416 1744 507 1767 natus
520 1736 642 1775 humili,
658 1734 689 1767 et
704 1737 862 1778 pascendis
892 1735 950 1766 alifi
971 1734 1207 1776 Portugalliam,
1237 1735 1380 1765 Asturias
1399 1743 1429 1765 et
1453 1737 1603 1777 Regnum

191 1777 301 1820 egibus
315 1789 394 1819 puer
403 1789 529 1820 operam
539 1780 687 1817 ‹leder-tn
703 1787 735 1810 et
746 1780 791 1810 rei
802 1779 862 1809 mi·
892 1779 1049 1820 Legionis.

166 1820 251 1851 itatis
265 1821 396 1862 peritus,
418 1821 504 1862 cujus
518 1822 695 1853 rudimenta
712 1823 743 1853 in
759 1821 862 1864 publi-
935 1826 964 1852 6.
984 1819 1165 1862 Lusitania]
1208 1821 1288 1860 Quae
1311 1818 1411 1851 Durio
1433 1818 1563 1849 flumine
1585 1818 1605 1850 5,

151 1863 196 1893 cis
222 1862 385 1894 itineribus
412 1864 589 1895 obsidendis
611 1875 682 1895 cum
706 1864 862 1896 latronum
891 1863 1116 1894 Tarraconensi
1148 1861 1326 1900 Provincia,
1357 1860 1427 1892 Anii
1460 1861 1558 1892 fluvio
1584 1861 1603 1892 εἰ

152 1915 246 1936 manu
262 1914 407 1947 posuerat
421 1919 427 1936 :
446 1907 528 1937 unde
544 1906 649 1937 multis
659 1907 698 1938 ad
709 1918 780 1938 eum
790 1917 862 1946 con·
894 1907 1014 1949 Btpticet
1026 1906 1156 1936 discreta
1173 1912 1238 1936 erat
1268 1904 1299 1934 id
1326 1904 1484 1945 temporis,
1508 1912 1539 1935 et
1563 1903 1602 1934 ab

153 1947 334 1986 fluentibus,
354 1956 386 1979 et
409 1949 523 1980 milites
537 1950 568 1979 in
584 1949 670 1990 signa
685 1947 864 1991 turmzisque
893 1950 1021 1980 Oceano
1038 1948 1076 1978 ad
1088 1947 1256 1979 Castellam
1272 1950 1387 1977 novum
1403 1946 1589 1987 pertinebat.

152 1989 325 2038 distribuit,
338 1998 370 2022 et
386 1992 557 2031 Romanos,
569 1992 653 2033 justo
666 2002 763 2035 prope
773 2002 861 2024 exer·
924 1996 964 2023 ’7.
1009 1989 1174 2031 Teucrum]
1219 1989 1282 2030 Qui
1312 1990 1330 2020 ὲ
1353 1988 1439 2020 bello
1460 1989 1602 2028 Trojano

152 2040 230 2070 citu,
243 2043 407 2075 aggressus
421 2042 477 2066 est.
891 2035 1024 2070 rediens,
1051 2033 1123 2064 ideo
1150 2031 1307 2064 Salamine
1322 2031 1424 2062 fuerat
1446 2031 1603 2072 expulsus,

196 2079 224 2106 2.
240 2078 334 2107 Annis
349 2076 460 2119 decem]
482 2076 728 2118 Quatuordecim
743 2076 861 2108 habent
893 2077 979 2119 quod
989 2076 1096 2117 Ajacis
1106 2075 1144 2106 ab
1158 2074 1270 2115 Ulysse
1281 2074 1398 2105 insidiis
1407 2074 1602 2104 circumven-

142 2117 273 2156 Florus,
291 2118 431 2155 Orosius,
447 2128 477 2150 et
493 2119 555 2150 alii.
827 2126 833 2136 ·
893 2121 918 2152 ti
933 2127 1071 2151 mortem
1086 2127 1148 2148 non
1168 2117 1252 2148 ultus
1265 2116 1381 2148 fuisset.

195 2165 226 2193 3.
264 2162 429 2192 Consulares
464 2162 626 2204 exercitus]
682 2162 862 2199 Veffllium,
935 2167 966 2194 8.
988 2164 1018 2192 A
1012 2160 1119 2204 jacis]
1162 2162 1360 2197 Graecorum,
1388 2169 1451 2189 uno
1473 2166 1604 2200 excepto

154 2202 328 2239 Plautium,
345 2203 527 2247 Claudium,
540 2204 582 2235 Ni
609 2205 719 2244 idium,
741 2207 861 2236 Praeto-
893 2204 1031 2241 Achille,
1045 2203 1231 2234 fortissimus
1244 2201 1316 2237 fuit,
1345 2201 1398 2243 qui
1413 2202 1445 2231 in
1462 2201 1603 2232 furorem

152 2256 203 2277 res
229 2245 322 2276 vicit.
361 2245 380 2277 ὲ
409 2246 528 2287 Quinto
556 2249 595 2277 Fa
619 2248 649 2278 io
679 2248 863 2284 AEmiliano,
894 2259 1012 2286 versus,
1033 2256 1099 2288 prae
1115 2244 1211 2286 nimio
1227 2244 1348 2280 dolore,
1369 2243 1455 2285 quod
1468 2243 1603 2275 Achillis

152 2288 304 2331 Scipionis
318 2287 426 2328 fratre,
441 2290 541 2320 victus
552 2298 615 2327 est;
631 2301 702 2321 cum
715 2290 863 2327 Metello,
894 2301 980 2322 arma
995 2299 1056 2319 non
1072 2287 1237 2322 retulisset,
1250 2297 1281 2317 se
1296 2286 1401 2328 gladio
1416 2286 1588 2317 transfodit.

152 2331 241 2362 vario
256 2331 367 2362 Marte
382 2332 554 2374 pugnavit3
577 2331 594 2363 εἰ
610 2333 671 2363 suis
688 2334 814 2364 tandem
830 2333 861 2363 in
937 2337 966 2365 9.
990 2329 1162 2372 Telamoni]
1204 2329 1296 2360 AEaci
1312 2328 1408 2360 filius
1429 2337 1507 2367 erat,
1532 2330 1602 2359 Rex

153 2380 251 2405 strato
266 2373 424 2404 dormiens
438 2382 545 2412 noctu,
560 2374 681 2406 Servilii
695 2375 791 2416 jussu,
805 2386 862 2418 op·
895 2374 1064 2409 Salaminis.
1080 2383 1158 2403 unus
1172 2383 1210 2403 ex
1231 2371 1436 2412 Argonautis,
1463 2370 1501 2401 ab
1518 2372 1603 2402 Her·

149 2425 188 2458 p·
195 2425 281 2446 essus
295 2424 353 2446 est.
895 2418 974 2456 cule,
989 2417 1076 2458 quod
1091 2416 1211 2457 primus
1221 2415 1329 2454 Trojae
1340 2424 1446 2444 muros
1458 2424 1602 2444 conscen-

196 2462 228 2489 4.
240 2458 377 2506 Tagum]
394 2457 520 2490 Fluvius
528 2458 688 2501 Hispaniae
701 2459 863 2492 celeberri-
894 2461 1000 2498 ‹lis-set,
1015 2459 1146 2490 donatus
1160 2457 1312 2495 Hesione,
1325 2467 1363 2488 ex
1377 2455 1438 2498 qus
1450 2463 1541 2486 natus
1556 2464 1603 2487 est

154 2509 236 2537 mus,
243 2510 298 2542 qui
308 2508 396 2532 ortus
411 2501 442 2532 in
459 2501 594 2533 Castella
607 2503 699 2539 novi,
714 2513 775 2533 nou
790 2513 862 2543 pro·
894 2506 1027 2534 Teucer.

155 2541 208 2574 cul
220 2541 259 2572 ab
281 2543 474 2585 Arragonifi,
496 2543 648 2575 Toletum
674 2546 704 2576 in
729 2543 864 2578 Castellzi
938 2550 990 2576 lo.
1007 2544 1185 2574 Salaminam
1197 2540 1367 2583 condidisse]
1389 2540 1526 2572 Coronia
1537 2539 1602 2581 pri-

157 2583 480 2627 nov5,Ulyssiponem
492 2587 523 2617 in
536 2586 695 2618 Lusitania
704 2587 863 2629 praeterla-
893 2589 982 2620 mum
997 2587 1079 2618 dicta
1102 2592 1160 2624 est,
1176 2599 1210 2616 cx
1227 2584 1346 2615 Eusebio
1355 2597 1365 2619 ,·
1390 2583 1502 2614 deinde
1518 2584 1602 2618 Con-

162 2627 259 2666 bitur,
274 2634 306 2657 et
321 2627 451 2660 occiduo
466 2629 614 2660 miscetur
629 2631 764 2661 Oceano.
892 2631 1015 2666 stantia,
1027 2642 1061 2659 ex
1078 2629 1241 2669 Stephanm·
1266 2636 1348 2657 nunc
1362 2627 1542 2665 Famagosta.

198 2672 232 2717 ⁵:
243 2669 405 2713 Callatim]
439 2672 515 2702 Pars
528 2682 574 2702 est
590 2672 752 2715 Hispaniae
764 2672 861 2704 maxi-
937 2677 986 2705 11.
1013 2672 1160 2712 Carthago
1174 2669 1272 2711 natvm]
1305 2670 1385 2708 Quae
1400 2667 1432 2698 in
1448 2665 1600 2711 Hispania

156 2720 208 2743 ma
223 2721 254 2743 in
269 2712 424 2746 occasum
440 2722 587 2747 extenta;
611 2715 760 2749 terminos
775 2714 871 2748 habet
890 2712 1116 2749 Tarraconensi
1130 2712 1171 2744 ad
1185 2710 1392 2756 oranrmaris.
1482 2737 1486 2740 .
1679 2714 1689 2730 ¹

1050 2764 1122 2798 53
